2850 4350
1078 156 1273 210 0less
1311 157 1353 209 V
1390 160 1508 223 (am.
1544 158 1621 225 111,
1646 162 1697 224 9)

2332 158 2453 219 227

309 329 408 391 Sic
453 329 719 391 Nemesis
764 329 1040 408 longum,
1085 330 1170 392 sic
1215 330 1376 392 Delia
1423 349 1644 392 nomen
1690 331 2021 407 habebunt,

394 415 591 475 Altera
635 433 776 476 cura
820 433 1062 489 recens,
1110 415 1293 477 altera
1340 416 1567 496 primus
1609 428 1792 477 amor.

308 498 463 569 Quid
507 518 609 561 vos
652 517 816 561 sacra
862 499 1108 562 iuvant?
1153 500 1295 580 quid
1341 520 1505 563 nunc
1551 502 1834 582 Aegyptia
1880 511 2133 582 prosunt

392 582 621 647 Sistra?
668 585 808 664 quid
854 585 915 645 in
960 604 1143 647 vacuo
1190 587 1534 648 secubuisse
1577 585 1752 648 toro?

309 670 457 732 Cum
502 670 745 749 rapiunt
786 670 936 731 mala
981 671 1094 731 fata
1138 670 1361 747 bonos,
1412 671 1723 751 (ignoscite
1767 673 1980 748 fassol)

392 756 693 817 Sollicitor
737 755 935 816 nullos
979 774 1108 818 esse
1154 764 1363 835 putare
1406 756 1568 817 deos,

303 840 444 902 Vive
485 840 652 920 pius:
699 840 985 916 moriere;
1029 842 1165 921 pius
1209 842 1338 903 cole
1379 859 1578 904 sacra:
1625 843 1919 904 colentem

391 925 552 986 Mors
595 925 787 1003 gravis
832 944 864 985 a
910 925 1145 1005 templis
1188 927 1251 987 in
1297 945 1434 987 cava
1478 926 1649 988 busta
1692 928 1915 1003 trabet3

305 1009 678 1072 Carminibus
723 1011 954 1071 confide
1001 1011 1209 1072 bonis:
1255 1011 1437 1087 iacet,
1484 1030 1655 1086 ecce,
1702 1012 1973 1075 Tibullus
1986 1030 2003 1089 ;

384 1096 492 1157 Vix
535 1105 736 1155 manet
780 1114 813 1156 e
855 1104 1014 1169 toto,
1058 1114 1234 1176 parva
1279 1099 1437 1176 quod
1481 1115 1631 1158 urna
1676 1098 1848 1177 capit.
2394 1108 2455 1158 40

305 1181 501 1254 Tene,
547 1198 714 1242 sacer
757 1187 945 1253 vates,
990 1181 1256 1242 flammae
1301 1199 1553 1261 rapuere
1599 1184 1860 1263 rogam,

270 1333 278 1339 ‚
388 1264 739 1327 Pectoribus
781 1266 944 1344 pasci
989 1284 1102 1327 nec
1147 1266 1400 1328 timuere
1444 1265 1605 1327 tuis?

305 1351 496 1412 Aurea
538 1358 881 1412 sanctorum
924 1351 1261 1430 potuissent
1301 1351 1521 1430 templa
1565 1351 1812 1413 deorum

390 1436 606 1509 Urere,
651 1454 803 1515 quae
846 1443 1081 1498 tantum
1124 1436 1465 1498 sustinuere
1512 1437 1694 1498 nefas.
2471 1482 2473 1484 .

304 1521 528 1582 Avertit
569 1520 795 1595 vultus,
840 1520 1045 1601 Erycis
1088 1539 1239 1600 quae
1283 1520 1548 1601 possidet
1591 1539 1774 1583 arces.
2390 1530 2451 1579 45

388 1606 544 1667 Sunt
587 1624 857 1685 quoque,
902 1607 1004 1685 qui
1049 1605 1320 1668 lacrimas
1362 1606 1731 1668 continuisse
1776 1614 2014 1685 negant.

260 1727 268 1734 ·
304 1691 421 1752 Sed
465 1700 663 1751 tamen
708 1691 824 1752 hoc
870 1691 1110 1766 meliuS‚
1156 1709 1334 1770 quam
1378 1691 1428 1752 si
1470 1690 1754 1752 Phaeacia
1798 1690 1975 1752 tellus

386 1776 666 1855 Ignotum
709 1775 805 1836 vili
848 1776 1258 1855 supposuisset
1299 1777 1501 1836 humo.

300 1861 457 1922 Hinc
500 1868 663 1923 certe
709 1859 972 1922 madidos
1015 1861 1296 1941 fugientis
1338 1861 1554 1941 pressit
1599 1859 1818 1920 ocellos

385 1946 571 2007 Mater
613 1954 674 2007 et
714 1945 776 2006 in
823 1945 1055 2007 cineres
1101 1946 1302 2007 ultima
1346 1947 1504 2007 dona
1546 1945 1680 2005 tulit
1694 1963 1711 2018 ;
2393 1952 2453 2002 5⁰

300 2030 454 2093 Hinc
500 2049 673 2092 soror
715 2031 777 2093 in
822 2040 1055 2110 partem
1099 2032 1311 2092 misera
1356 2049 1493 2093 cum
1541 2038 1727 2091 matre
1773 2028 1994 2090 doloris

370 2201 452 2253 31.
486 2197 725 2249 Nemesis
747 2199 853 2251 und
877 2199 1055 2264 Delia]
1079 2199 1182 2266 vgl.
1208 2199 1325 2252 Eiu-

305 2266 503 2331 leitung
538 2281 602 2317 zu
638 2265 829 2318 Tibull.

370 2335 452 2387 32.
489 2335 642 2395 cura]
681 2333 763 2384 die
798 2332 1118 2402 Liebespein.

372 2403 437 2454 33
459 2416 498 2452 s.
552 2399 679 2453 Eine
721 2400 1040 2468 Auspielung
1085 2403 1176 2454 auf
1206 2402 1321 2455 Tib.

299 2469 387 2523 Nr.
422 2468 510 2533 111,
548 2470 612 2519 23
633 2483 701 2521 ss.
772 2467 914 2520 Delia
949 2469 1054 2520 und
1088 2469 1321 2522 Nemesis

300 2537 531 2589 konnten
580 2536 673 2588 mit
726 2536 870 2588 ihren
924 2537 1170 2589 frommen
1225 2537 1322 2589 Ge-

298 2604 488 2658 lfibden
514 2603 613 2656 den
640 2603 844 2656 Dichter
874 2604 1016 2656 nicht
1036 2620 1154 2656 vom
1180 2603 1324 2656 Tode

301 2679 538 2726 crretten.

368 2744 449 2796 35.
474 2743 737 2807 ignoscite
753 2738 922 2803 fasso]
942 2735 1191 2792 ‘verzeiht
1211 2740 1323 2804 mir,

298 2809 377 2861 ilu-
410 2809 612 2873 Gotter,
662 2807 771 2861 dass
808 2809 891 2860 ich
938 2808 1049 2861 dies
1091 2823 1151 2860 so
1188 2806 1325 2860 offen

298 2869 643 2945 ausspreche‘.

367 2948 449 2998 37.
494 2949 628 3008 vive]
677 2959 718 2997 s.
756 2959 800 2995 z,
840 2943 928 2998 Nr.
968 2941 1099 3007 V111,
1134 2947 1218 2996 47.
1255 2970 1323 2981 —-

292 3016 423 3080 pius
475 3013 577 3066 und
633 3012 905 3074 colentem]
961 3010 1143 3063 stehen
1195 3011 1323 3063 kon-

297 3083 481 3133 zessiV.
549 3080 664 3146 Vgl.
700 3078 819 3133 Hor.
855 3095 899 3132 c.
935 3079 1004 3145 11,
1043 3083 1132 3145 14,
1168 3082 1199 3132 2
1225 3094 1319 3134 ss,:

297 3149 537 3203 labuntur
579 3147 726 3211 anni,
776 3162 870 3199 nec
913 3148 1078 3215 pietas
1125 3163 1320 3200 moram

297 3232 354 3269 ru
393 3215 438 3269 is
485 3221 538 3267 et
583 3215 795 3268 instanti
836 3219 1073 3268 senectae
1127 3215 1322 3270 adferet

297 3286 349 3337 in
385 3284 678 3352 omitaeque
702 3284 869 3335 morti.
919 3285 1049 3336 Vive
1064 3289 1194 3350 pius
1216 3283 1322 3336 und

296 3354 625 3404 carminibus
661 3350 868 3414 confide
903 3354 1053 3403 bonis
1099 3353 1168 3417 (v,
1206 3354 1318 3417 39):

297 3421 390 3473 mit
427 3421 637 3474 bitterer
672 3419 853 3472 lronie.

365 3491 446 3542 38.
485 3491 660 3551 busta]
732 3486 986 3540 oetischer
1014 3486 1205 3540 Plural.
1265 3486 1317 3540 S.

298 3574 343 3609 z.
379 3557 530 3624 Prop.
566 3556 655 3608 Nr.
740 3554 858 3619 Vll’,
896 3557 978 3607 22.

363 3628 446 3677 40.
495 3624 586 3677 Die
623 3623 715 3676 auf
746 3622 862 3675 dem
899 3622 1318 3675 Scheiterhaufen

297 3694 661 3757 gesammelten
708 3691 1177 3743 Aschenuberreste
1231 3690 1320 3743 der

296 3758 672 3813 Verstorbenen
702 3759 912 3812 wurden
941 3760 995 3810 in
1020 3760 1161 3812 einer
1184 3757 1319 3811 Urne

298 3830 598 3893 gesammelt
643 3827 749 3880 und
789 3828 841 3879 in
878 3829 1043 3880 einem
1081 3826 1319 3880 Grabmal

1430 2199 1729 2264 beigesetzt.
1803 2195 1919 2263 Vgl.
1965 2200 2085 2248 met.
2132 2197 2220 2259 12,
2254 2198 2355 2249 610
2377 2211 2446 2248 s.:

1429 2267 1530 2318 iam
1549 2266 1678 2319 cinis
1702 2270 1856 2317 estet
1873 2265 1937 2317 de
1957 2267 2062 2316 tam
2079 2278 2265 2330 magno
2288 2267 2449 2315 restat

1425 2334 1627 2387 Achille
1662 2334 1836 2386 nescio
1873 2333 2025 2401 qnid,
2059 2347 2269 2398 parvam
2306 2330 2448 2399 quod

1425 2418 1529 2456 non
1565 2403 1698 2455 bene
1733 2402 1972 2468 conpleat
2005 2414 2199 2453 urnam.

1494 2473 1578 2524 44.
1589 2472 1742 2536 quaa]
1754 2469 1961 2521 bezieht
1969 2469 2078 2521 sich
2091 2467 2181 2520 auf
2184 2469 2448 2530 flammae.

1494 2541 1577 2591 45.
1616 2536 1789 2589 Venus
1832 2537 1976 2589 hatte
2023 2538 2107 2588 ein
2152 2534 2448 2589 beruhmtes

1428 2603 1704 2672 Heiligtum
1751 2604 1841 2655 auf
1883 2603 1998 2656 dem
2043 2604 2232 2670 Eryx,
2279 2604 2449 2655 ciuem

1428 2671 1561 2738 Berg
1609 2671 1861 2724 Siciliens.
1896 2700 1967 2711 ——
2011 2670 2184 2738 arces]
2233 2669 2448 2736 Berges-

1426 2739 1623 2801 hohem
1660 2740 1765 2806 vgl.
1788 2745 1988 2806 septem
2010 2756 2162 2792 arces
2184 2738 2444 2803 (Romarm

1425 2812 1546 2862 met.
1587 2812 1633 2872 1,
1669 2809 1795 2868 467;
1834 2807 1986 2873 Verg.
2023 2807 2084 2860 A.
2119 2809 2170 2872 3,
2205 2809 2321 2860 291.

1495 2877 1578 2928 46.
1614 2878 1958 2940 continuisse]
1993 2890 2123 2928 eam.
2189 2879 2318 2926 eunt
2351 2876 2449 2940 qui

1426 2960 1470 2995 c.
1507 2940 1611 2996 ind.
1649 2944 1748 2995 wie
1782 2942 1900 2996 Hor.
1938 2959 1981 2995 c.
2017 2943 2055 3009 1,
2091 2948 2136 3008 1,
2173 2945 2264 2998 38.

1493 3014 1557 3064 47
1571 3027 1615 3064 s.
1660 3010 1711 3064 S.
1736 3027 1781 3064 z.
1806 3010 1921 3066 Tib.
1947 3010 2033 3064 Nr.
2058 3010 2119 3063 111
2154 3011 2448 3076 Einleitung

1424 3094 1475 3132 u.
1499 3095 1552 3134 v,
1584 3081 1631 3131 3.
2106 3116 2111 3122 .

1492 3150 1574 3200 49.
1601 3147 1654 3199 S.
1674 3145 1788 3200 Tib.
1807 3146 1896 3199 Nr.
1912 3145 1990 3212 111,
2003 3149 2050 3199 5.
2064 3175 2128 3185 -
2142 3145 2195 3200 S.
2214 3145 2300 3200 Nr.
2320 3144 2445 3210 xm,

1423 3219 1507 3268 44.
1562 3215 1711 3267 Plato
1735 3214 1944 3268 Phaedo
1977 3230 2023 3269 a.
2050 3213 2131 3267 E.:
2168 3212 2446 3284 συνέλαβε

1423 3278 1492 3339 τὸ
1532 3276 1720 3351 στόμα
1765 3286 1866 3339 καὶ
1906 3276 2042 3347 τοὺς
2089 3275 2444 3352 ὀφθαλμούς.

1425 3382 1489 3390 -
1524 3350 1811 3417 fugientis]
1847 3351 1938 3404 des
1975 3349 2307 3404 Sterbenden.
2465 3392 2468 3398 Δ

1491 3422 1557 3473 49
1572 3435 1641 3472 ss.
1672 3421 1797 3471 hinc
1821 3458 1834 3471 .
1849 3459 1862 3473 .
1878 3459 1891 3471 .
1917 3422 2045 3470 hinc
2063 3445 2129 3465 ιε
2148 3412 2317 3474 ἔνθεν
2338 3417 2447 3486 μὲν

1420 3525 1435 3539 .
1455 3526 1469 3539 .
1489 3524 1504 3538 .
1541 3481 1709 3544 ἔνθεν
1743 3486 1818 3542 δέ.

1492 3558 1575 3608 50.
1613 3557 1804 3607 ultima
1843 3557 1982 3621 dona,
2038 3553 2282 3619 Blumen,
2329 3554 2443 3607 eine

1421 3622 1625 3689 Spende
1650 3639 1752 3675 von
1772 3623 1939 3690 Wein,
2007 3623 2026 3674 l
2049 3623 2154 3675 und
2177 3621 2349 3674 Milch.
2381 3651 2444 3659 —

1421 3693 1568 3755 tulit]
1601 3694 1747 3743 sonst
1779 3692 1849 3743 ist
1878 3691 2088 3753 inferre
2124 3689 2219 3742 das
2238 3690 2443 3742 ubliche

1424 3758 1572 3811 Wort
1618 3774 1735 3810 vom
1771 3759 2087 3826 Darbringen
2132 3758 2221 3810 der
2254 3756 2445 3810 'Poten-

1424 3828 1570 3894 opfer
1603 3824 1892 3894 (inferiae).

2042 3909 2143 3963 15*
