2850 4350
1053 175 1326 229 CATULLI
1358 176 1523 229 XXVI
1555 179 1659 241 (62)
2352 179 2432 238 59

266 347 348 408 At
394 346 445 408 si
489 347 648 409 forte
694 348 895 409 eadem
942 356 1031 410 est
1072 347 1235 409 ulmo
1281 348 1600 409 coniuncta
1646 350 1888 423 marito,

266 431 449 493 Multi
490 432 650 493 illam
694 433 1020 512 agricolae,
1064 434 1234 495 multi
1279 433 1517 495 coluere
1562 435 1827 497 iuvenci:
2374 449 2432 500 55

270 518 375 579 Sic
417 516 616 597 virgo,
663 519 805 580 dum
847 518 1065 580 intacta
1110 525 1342 590 manet,
1388 517 1528 579 dum
1573 520 1794 581 inculta
1837 521 2123 597 senescit3

271 601 429 664 Cum
471 621 581 683 par
624 603 950 664 conubium
995 612 1226 665 maturo
1269 611 1541 684 tempore
1583 605 1794 685 adepta
1837 613 1957 678 est,

276 687 433 749 Cara
473 688 599 749 viro
644 689 832 768 magis
876 697 937 749 et
976 688 1176 750 minus
1220 698 1312 751 est
1351 689 1536 751 invisa
1581 691 1832 768 parenti.

267 840 351 902 Et
394 847 463 901 tu
511 859 588 901 ne
628 859 832 921 pugna
875 860 1011 904 cum
1052 842 1156 903 tali
1199 842 1489 921 coniuge,
1531 842 1717 923 virgo.

266 926 414 987 Non
460 943 712 1004 aequum
759 936 849 988 est
889 946 1193 1008 pugnare,
1238 935 1410 1006 pater
1453 926 1549 988 eui
1592 928 1830 1005 tradidit
1873 928 2032 1008 ipse,
2373 939 2434 990 6⁰

265 1011 412 1090 Ipse
454 1020 624 1091 pater
668 1030 803 1073 cum
849 1021 1069 1087 matre,
1112 1012 1330 1092 quibus
1370 1030 1584 1092 parere
1627 1031 1872 1075 necesse
1915 1020 2023 1074 est.

270 1095 602 1175 Virginitas
643 1115 768 1158 non
813 1106 935 1158 tota
980 1107 1081 1159 tua
1127 1105 1247 1173 est,
1294 1116 1364 1158 ex
1410 1106 1580 1177 parte
1624 1108 1939 1177 parentum
1983 1105 2099 1160 est:

268 1180 476 1241 Tertia
520 1199 659 1261 pars
702 1182 856 1261 patri
901 1192 1018 1258 est,
1064 1202 1203 1263 pars
1246 1191 1336 1245 est
1377 1183 1512 1243 data
1555 1184 1725 1245 tertia
1770 1182 1944 1245 matri
1965 1229 1981 1257 ,

268 1265 479 1328 Tertia
523 1267 646 1327 sola
689 1275 792 1328 tua
835 1276 941 1329 est.
1030 1269 1160 1330 Noli
1203 1285 1475 1349 pugnare
1518 1269 1777 1343 duobus»,

268 1350 394 1423 Qui
438 1370 664 1431 genero
709 1371 815 1415 sua
859 1353 990 1414 iura
1034 1354 1208 1415 simul
1250 1371 1388 1415 cum
1433 1352 1571 1415 dote
1615 1353 1926 1415 dederunt.
2370 1361 2429 1411 65

356 1454 593 1535 Hymen
642 1473 678 1515 o
723 1454 1093 1536 Hymenaee,
1138 1454 1373 1536 Hymen
1420 1454 1560 1516 ades
1604 1476 1639 1517 ο
1685 1454 2052 1536 Hymenaee!

338 1606 425 1656 54.
461 1606 683 1668 mar-ito]
705 1605 1014 1673 Apposition
1045 1622 1108 1659 zu
1144 1606 1304 1659 ulmo.
1407 1605 1611 1673 hfiuflffi
1647 1621 1688 1658 e.
1725 1603 1811 1657 Nr.
1835 1604 1990 1671 XXV,
2016 1606 2100 1657 93.

338 1674 426 1724 59.
463 1674 535 1734 ot]
561 1665 765 1726 ‘ench'.
1477 1678 1559 1728 64.
1591 1690 1647 1739 p.
1672 1673 1895 1737 duobus]
1931 1673 2046 1725 eine
2080 1671 2269 1737 griech.
2294 1669 2431 1722 Kon-

336 1741 423 1794 60.
460 1743 555 1791 oui
575 1766 644 1786 ===
667 1742 734 1807 ei,
770 1741 866 1794 cui.
1405 1741 1695 1795 etruktion:
1730 1735 2023 1811 μάχεσθαί
2045 1758 2167 1796 τινι.
2227 1739 2432 1806 Sprich-

339 1810 425 1861 61.
462 1823 586 1859 oum
611 1824 682 1862 m.
714 1833 782 1854 2-
817 1812 871 1861 et
903 1813 1091 1871 maten
1130 1825 1172 1864 s,
1209 1808 1302 1864 Ov.
1406 1810 1669 1863 wertlieh:
1706 1805 1858 1881 πρὸς
1880 1803 1982 1865 δύο
2008 1806 2300 1895 §aeglea-9022
2321 1827 2432 1888 χα-

264 1879 393 1928 met.
432 1878 478 1940 1,
517 1879 609 1938 56;
647 1879 775 1937 2173
815 1880 895 1943 11,
933 1878 996 1930 93
1035 1892 1085 1929 u.
1124 1877 1216 1930 oft.
1404 1873 1602 1943 λεπόν,
1638 1872 1788 1950 πρὸς
1821 1872 1920 1933 δύο
1961 1878 2065 1933 ovd
2112 1878 2395 1944 Ηρακλης.

337 1946 420 1997 62.
458 1948 593 2008 tota]
629 1943 730 1997 Der
756 1943 1020 1998 Gebrauch
1055 1945 1147 1997 des
1182 1946 1300 2011 Adj.
1474 1949 1554 1999 65.
1575 1949 1798 2012 genero]
1824 1945 1968 1997 Serv.
1994 1961 2056 1996 zu
2082 1945 2208 1998 Aen.
2234 1949 2281 2008 2,
2301 1945 2428 1998 344:

263 2016 395 2065 etatt
431 2011 524 2064 des
561 2012 694 2065 Λᾶν.
730 2010 891 2065 findet
925 2013 1034 2065 sich
1072 2018 1299 2065 nement—
1402 2027 1559 2079 gener
1592 2014 1777 2066 dicitur
1801 2015 1966 2081 etqui
1990 2018 2086 2078 eet,
2123 2018 2176 2066 et
2201 2014 2289 2080 qui
2315 2027 2428 2064 esee

260 2080 369 2133 lieh
405 2080 492 2133 bei
530 2083 702 2146 totus,
747 2080 918 2134 nullus
961 2080 1066 2134 und
1108 2082 1299 2135 multus
1401 2082 1540 2148 vult,
1588 2083 1722 2135 sicut
1758 2082 1914 2135 etiam
1948 2081 2163 2135 maritus
2197 2084 2265 2148 (4,
2292 2082 2427 2146 536).
