2850 4350
412 203 534 266 100
1179 204 1430 258 'risum
1461 205 1528 258 ix
1562 205 1664 272 (w,
1688 207 1742 272 4)

1259 377 1360 440 Nr.
1391 378 1472 442 IX
1511 382 1589 456 (e.
1620 382 1705 456 4).

412 501 545 564 Huc
588 499 727 562 ades
773 509 832 562 et
870 507 1113 563 tenerae
1157 498 1399 563 morbos
1443 499 1670 580 expelle
1713 500 1973 582 puellae,

497 586 628 649 Huc
669 586 835 662 ades,
879 585 1118 648 intonsa
1161 584 1400 648 Phoebe
1442 584 1702 667 superbe
1746 605 1932 649 coma.

415 671 602 735 Crede
645 671 821 746 mihi,
864 689 1153 752 propera,
1197 690 1311 733 nec
1353 679 1414 733 te
1456 672 1604 747 iam,
1649 671 1918 749 Phoebe,
1963 670 2187 754 pigebit

516 757 837 819 Formosae
882 757 1136 819 medicas
1178 757 1529 837 adplicuisse
1572 775 1802 820 manus.

416 843 600 906 Effice
646 861 724 905 ne
767 843 984 906 macies
1026 842 1314 923 pallentes
1359 851 1613 923 occupet
1653 852 1845 917 artus,

501 929 628 991 Neu
675 937 845 991 notet
887 928 1160 992 informis
1202 927 1414 1010 pallida
1457 928 1723 991 membra
1766 928 1962 1005 color,

417 1015 495 1079 Et
537 1013 954 1094 quodcumque
996 1014 1133 1076 mali
1177 1023 1268 1076 est
1310 1022 1368 1077 et
1413 1014 1697 1094 quidquid
1740 1014 1907 1077 triste
1950 1013 2253 1088 timemus,

503 1100 573 1162 In
617 1099 860 1181 pelagus
903 1100 1122 1181 rapidis
1166 1099 1372 1162 evehat
1414 1100 1607 1164 amnis
1649 1100 1835 1180 aquis.

420 1186 666 1262 Sancte,
709 1185 1239 1266 veni,'tecumque
1281 1188 1468 1260 feras,
1514 1186 1874 1266 quicumque
1917 1203 2191 1266 sapores,

506 1271 879 1351 Quicumque
924 1279 983 1332 et
1025 1280 1234 1333 cantus
1278 1289 1530 1352 corpora
1574 1273 1727 1334 fessa
1768 1271 1992 1334 levant:

422 1359 550 1422 Neu
595 1357 867 1420 iuvenem
911 1365 1158 1437 torque,
1203 1357 1415 1419 metuit
1459 1356 1559 1436 qui
1603 1358 1718 1420 fata
1762 1356 1991 1438 puellae

506 1443 772 1523 Votaque
813 1461 925 1524 pro
968 1442 1206 1505 domina
1246 1442 1343 1505 vix
1388 1443 1752 1505 numeranda
1779 1441 1952 1504 facit.

422 1531 728 1592 Interdum
769 1536 970 1604 vovet,
1015 1528 1342 1602 interdum,
1386 1527 1546 1608 quod
1590 1528 1865 1611 langueat
1906 1527 2036 1601 illa,

508 1614 663 1677 Dicit
702 1614 764 1676 in
810 1622 1088 1677 aeternos
1130 1633 1336 1695 aspera
1379 1614 1556 1676 verba
1601 1613 1763 1677 deos.

426 1702 592 1764 Pone
634 1707 887 1776 metum,
936 1699 1245 1763 Cerinthe:
1291 1700 1438 1762 deus
1484 1719 1606 1781 non
1652 1699 1828 1762 laedit
1869 1706 2151 1761 amantes.

515 1786 603 1848 Tu
651 1786 827 1847 modo
870 1804 1103 1867 semper
1147 1804 1307 1848 ama:
1351 1786 1505 1848 salva
1548 1786 1743 1865 puella
1787 1785 1895 1847 tibi
1939 1791 2045 1847 est.

426 1873 522 1937 Nil
566 1891 717 1952 opus
761 1880 850 1934 est
889 1872 1062 1933 fletu:
1107 1871 1366 1934 lacrimis
1408 1871 1523 1932 erit
1565 1871 1756 1950 aptius
1799 1870 1914 1945 uti,

514 1958 575 2021 Si
621 1956 858 2037 quando
901 1957 1081 2018 fuerit
1119 1957 1345 2020 tristior
1388 1956 1485 2019 illa
1527 1955 1654 2018 tibi.

431 2045 505 2105 At
549 2061 713 2106 nunc
756 2050 878 2104 tota
921 2050 1022 2104 tua
1065 2051 1185 2118 est,
1230 2051 1289 2104 te
1332 2042 1525 2105 solum
1570 2040 1814 2103 candida
1857 2058 2059 2103 secum

517 2128 775 2210 Cogitat,
820 2136 880 2191 et
919 2128 1137 2190 frustra
1181 2128 1417 2191 credula
1460 2128 1635 2191 turba
1678 2126 1860 2190 sedet.

431 2215 700 2289 Phoebe,
745 2215 901 2276 fave:
946 2213 1074 2277 laus
1116 2232 1329 2295 magna
1371 2213 1478 2276 tibi
1524 2213 1818 2276 tribuetur
1861 2213 1922 2274 in
1969 2230 2092 2273 uno

518 2299 781 2378 Corpore
825 2308 1056 2362 servato
1098 2299 1422 2362 restituisse
1465 2300 1635 2362 duos.

433 2387 552 2447 lam
601 2384 862 2461 celeber,
908 2385 1023 2447 iam
1066 2384 1254 2448 laetus
1297 2386 1443 2461 eris,
1488 2404 1622 2447 cum
1667 2382 1862 2445 debita
1907 2383 2110 2445 reddet

519 2469 793 2533 Certatim
838 2470 1057 2534 sanctis
1098 2471 1286 2533 laetus
1328 2478 1581 2550 uterque
1622 2468 1789 2532 focis.

434 2557 606 2619 Tunc
649 2566 709 2619 te
749 2556 978 2618 felicem
1023 2557 1180 2619 dicet
1222 2557 1318 2637 pia
1360 2556 1534 2619 turba
1576 2556 1854 2628 deorum,

521 2643 838 2723 Optabunt,
868 2650 1024 2705 artes
1067 2650 1126 2705 et
1167 2642 1279 2706 sibi
1325 2643 1574 2723 quisque
1617 2650 1763 2703 tuas.

501 2761 613 2818 IX.
648 2759 823 2813 Tibull
849 2763 1031 2813 trostet
1054 2761 1230 2813 seinen
1254 2760 1455 2813 Freund
1630 2761 1709 2813 10.
1742 2759 1949 2820 cantus]
1984 2752 2360 2822 Bannsprflche.

2507 1277 2565 1329 10

2508 1704 2567 1756 15

2509 2044 2566 2095 17

2513 2387 2569 2438 23

2516 2557 2574 2607 25

437 2829 722 2893 cerinthus,
757 2828 848 2881 der
880 2843 967 2881 um
1002 2830 1146 2882 seine
1180 2828 1454 2881 erkrankte
1630 2829 1709 2881 15.
1735 2824 1789 2881 S.
1808 2823 2150 2891 Prop.lV,16,
2170 2824 2262 2875 11:
2286 2835 2383 2873 nee
2399 2822 2571 2873 nmen

438 2899 662 2968 Sulpicia
699 2898 911 2963 besorgt
943 2897 1029 2949 ist.
1558 2898 1640 2949 est
1684 2894 1983 2963 quisquam,
2035 2904 2207 2944 sacrm
2261 2890 2349 2958 qui
2400 2886 2574 2941 laedat

508 2972 554 3023 1.
591 2969 694 3019 huc
729 2967 872 3030 ades]
907 2979 950 3017 s.
975 2981 1020 3020 z.
1045 2965 1133 3017 Nr.
1155 2963 1239 3029 w,
1263 2966 1348 3020 49.
1558 2968 1804 3017 amantes.

507 3039 556 3089 2.
580 3038 820 3089 Phoebus
836 3034 1051 3101 Apollo]
1068 3033 1159 3086 der
1176 3034 1313 3098 Gott,
1331 3033 1457 3085 wel·
1627 3033 1709 3085 22.
1756 3032 1986 3094 tristior]
2033 3026 2312 3091 murrisch,
2357 3023 2576 3077 schmol·

440 3106 560 3159 eber
583 3103 925 3156 Krsnkheiten
951 3102 1133 3155 sendet
1165 3101 1270 3154 und
1292 3101 1457 3155 Gene-
1558 3099 1704 3161 lend3
1741 3114 1782 3152 s.
1808 3097 1961 3165 Prop.
1982 3095 2069 3149 Nr.
2092 3094 2176 3158 IV,
2203 3099 2293 3149 9s.

439 3190 573 3240 sung
595 3173 767 3238 bringt
799 3162 1176 3254 (ἄᾼεξίκακος,
1210 3162 1457 3235 ἀκέσιος,
1630 3171 1711 3224 17.
1746 3166 1999 3230 eandida]
2035 3163 2325 3230 aufriebtig,
2360 3165 2487 3214 treu.

441 3237 884 3366 σαὲἶηῗῖοξπνιῗιῗυ
916 3241 1055 3361 {gago
1101 3308 1269 3360 seines
1303 3306 1457 3360 bexa·
1558 3225 2579 3381 Mbgeftege‘dertlinnzitlggihaessfflanig

442 3379 749 3433 metrischen
784 3376 1071 3444 Rhythmus
1119 3389 1299 3442 wegen
1347 3390 1459 3427 ver·
1560 3390 1645 3427 nm
1681 3374 1756 3426 sie
1791 3371 1963 3437 wirbt,
1997 3371 2169 3423 macht
2201 3367 2313 3421 sich
2345 3368 2580 3418 umsonst

443 3448 678 3501 miedene
712 3445 866 3499 crede
887 3446 1024 3497 milti
1055 3444 1217 3497 findet
1238 3443 1350 3496 sich
1371 3444 1454 3496 bei
1560 3440 1833 3509 Hoffnung.
1869 3469 1935 3479 -
1972 3437 2024 3492 S.
2059 3437 2177 3491 Hor.
2213 3453 2258 3490 c.
2280 3435 2317 3499 1,
2342 3438 2391 3499 5,
2425 3436 2474 3487 9.
2507 3460 2580 3473 —

442 3518 682 3571 Dichtern
718 3513 907 3580 hfiufig.
1631 3512 1712 3564 20.
1750 3508 1805 3562 S.
1842 3507 1936 3562 Ov.
1971 3523 2018 3560 a.
2056 3506 2124 3572 11,
2162 3507 2253 3571 13,
2291 3505 2439 3555 15s.:
2479 3501 2580 3553 bue

514 3589 562 3639 8.
600 3584 713 3638 Von
748 3583 899 3636 allem
928 3581 1112 3636 Uuheil
1147 3580 1332 3635 befreit
1368 3579 1460 3632 das
1563 3576 1748 3632 adhibe
1780 3577 1957 3630 vultus
1981 3576 2106 3628 etin
2140 3588 2241 3625 una
2277 3584 2428 3638 parce
2450 3568 2581 3651 duo-

446 3653 585 3708 Meer
620 3652 744 3707 oder
771 3651 861 3704 der
883 3649 1041 3716 Flul's,
1074 3649 1164 3704 der
1187 3665 1244 3702 es
1279 3649 1331 3701 in
1367 3648 1459 3702 das
1561 3648 1683 3700 bus!
1720 3661 1836 3699 nam
1873 3644 2031 3697 vitam
2055 3642 2291 3695 dominae
2325 3643 2381 3692 tu
2417 3636 2582 3701 dabis,

445 3722 586 3776 Meer
608 3719 928 3782 binabffihrt3
967 3736 1007 3772 s.
1033 3719 1128 3773 Ov.
1151 3719 1188 3772 f.
1206 3720 1255 3783 6,
1280 3719 1378 3771 227
1389 3732 1459 3769 s.:
1562 3716 1649 3768 illa
1686 3715 1827 3767 mibi.
1897 3710 2047 3780 Prop.
2072 3710 2159 3764 Nr.
2183 3709 2250 3763 xl
2302 3711 2365 3762 41
2388 3722 2430 3761 s,

447 3791 611 3845 donec
646 3789 711 3840 ab
733 3787 883 3841 Iliaca
909 3787 1139 3852 placidus
1164 3786 1459 3855 purgamina
1633 3786 1714 3837 23.
1750 3778 1968 3849 celeber]
2010 3779 2197 3833 dessen
2230 3748 2447 3844 'ff’empel
2481 3775 2585 3828 viel

446 3859 607 3911 Vesta
630 3855 869 3908 detulerit
891 3855 1040 3908 flavis
1074 3856 1128 3907 in
1162 3869 1300 3908 mare
1323 3853 1463 3922 Thy·
1566 3851 1782 3905 besucht
1819 3848 2048 3910 werden;
2086 3863 2128 3902 s.
2162 3846 2250 3901 Nr.
2284 3844 2348 3914 V,
2382 3846 2467 3899 83.

449 3926 552 3980 bris
587 3924 752 3992 aquis.
808 3922 864 3975 11.
893 3927 939 3990 1,
963 3924 1082 3976 314.
