2850 4350
489 182 610 242 236
1229 186 1421 239 ovum
1459 186 1563 238 v111
1597 187 1751 254 (trist.
1787 186 1900 253 1,1)

488 357 687 435 Siquis
730 358 870 431 erit,
918 358 1020 437 qui
1062 367 1151 431 te,
1198 361 1354 438 quod
1400 361 1481 421 sis
1527 378 1724 435 meus,
1770 378 1899 422 esse
1944 359 2259 440 legendum

571 442 702 503 Non
750 452 952 548 putet,
998 463 1032 505 e
1076 445 1301 524 gremio
1346 446 1666 525 reiciatque
1710 464 1854 519 suo,

481 520 742 607 ‘inspice
822 528 916 589 dic
955 521 1239 591 ‘titulum
1329 531 1461 592 Non
1507 549 1637 592 sum
1682 539 2034 610 praeceptor
2077 530 2329 605 amoris;

573 612 734 683 Quas
778 615 1026 686 meruit,
1071 633 1296 694 poenas
1339 616 1456 676 iam
1501 616 1660 677 dedit
1703 616 1846 676 illud
1891 607 2078 695 opus.²

485 697 758 759 Forsitan
806 708 1141 779 exspectes,
1185 719 1261 761 an
1308 701 1368 761 in
1415 700 1531 760 alta
1573 700 1784 779 palatia
1830 701 2072 762 missum

572 783 869 845 Scandere
915 793 972 846 te
1017 784 1250 846 iubeam
1298 785 1763 865 Caesareamque
1807 783 2094 847 domum?

485 868 807 948 Ignosoant
851 879 1099 949 augusta
1144 870 1287 931 mihi
1331 870 1462 930 loca
1507 869 1685 950 dique
1730 871 2024 932 locorum!

569 954 745 1015 Venit
787 954 848 1014 in
894 955 1012 1016 hoc
1055 955 1150 1015 illa
1195 955 1419 1015 fulmen
1466 954 1540 1016 ab
1586 974 1719 1018 arce
1764 965 1960 1036 caput.

484 1036 630 1101 Esse
677 1038 914 1118 quidem
961 1041 1205 1119 memini
1247 1040 1550 1112 mitissima
1594 1041 1835 1103 sedibus
1877 1041 1990 1103 illis

568 1124 855 1199 Numina;
901 1126 1002 1186 sed
1048 1125 1260 1199 timeo,
1306 1126 1408 1204 qui
1455 1144 1748 1198 nocuere,
1794 1126 1955 1187 deos.

482 1207 769 1270 Terretur
810 1209 1059 1271 minimo
1105 1228 1339 1289 pennae
1384 1211 1638 1273 stridore
1683 1211 1991 1285 columba,

2592 1224 2656 1273 75

569 1292 918 1373 UnguibuS,
964 1295 1274 1374 accipiter,
1320 1298 1520 1358 saucia
1566 1298 1715 1358 facta
1760 1296 1910 1372 tuis;

483 1376 605 1439 Nec
650 1381 862 1458 procul
906 1397 939 1439 a
983 1380 1227 1443 stabulis
1271 1382 1449 1442 audet
1489 1382 1827 1455 discedere,
1872 1382 2039 1461 siqua

569 1462 826 1525 Excussa
876 1473 965 1526 est
1006 1466 1155 1526 avidi
1201 1466 1481 1528 dentibus
1526 1485 1677 1548 agna
1718 1466 1865 1546 lupi.

486 1548 707 1610 Vitaret
750 1550 978 1611 caelum
1023 1550 1368 1625 Phaethon,
1415 1553 1467 1613 si
1507 1553 1761 1624 viveret,
1807 1560 1867 1612 et
1908 1570 2059 1630 quos

572 1626 820 1714 Optarat
861 1636 1070 1710 stulte,
1115 1646 1360 1716 tangere
1406 1637 1593 1699 nollet
1637 1655 1842 1715 equos.

481 1719 575 1780 Me
619 1738 890 1799 quoque,
937 1739 1088 1799 quae
1133 1723 1323 1796 sensi,
1370 1722 1562 1783 fateor
1606 1722 1759 1783 lovis
1803 1739 1961 1782 arma
2008 1721 2247 1796 timere;

569 1805 662 1865 Me
708 1823 848 1867 reor
890 1806 1140 1881 infesto,
1186 1825 1323 1868 cum
1366 1816 1564 1880 tonat,
1612 1807 1749 1887 igne
1794 1807 1936 1885 peti.

483 1889 857 1969 Quicumque
904 1891 1175 1970 Argolica
1221 1892 1293 1953 de
1339 1892 1523 1954 classe
1570 1891 1866 1971 Capharea
1914 1891 2094 1969 fugit,

569 1974 820 2060 Semper
863 1975 936 2036 ab
982 1976 1263 2039 Euboicis
1307 1978 1433 2037 vela
1479 1985 1787 2055 retorquet
1830 1977 2017 2055 aquis.

484 2057 562 2119 Et
604 2078 732 2121 mea
781 2060 1028 2135 cumba,
1077 2063 1262 2123 semel
1305 2070 1462 2124 vasta
1508 2080 1790 2141 percussa
1837 2061 2130 2141 procella,
2580 2071 2643 2122 85

570 2143 772 2216 Illum,
819 2163 937 2224 quo
986 2146 1137 2209 laesa
1184 2156 1303 2220 est,
1350 2147 1557 2209 horret
1600 2145 1761 2209 adire
1805 2146 2024 2208 locum.

486 2227 643 2307 Ergo
691 2248 860 2301 cave,
905 2230 1092 2305 liber,
1140 2241 1198 2292 et
1241 2232 1444 2293 timida
1489 2233 1880 2311 circumspice
1924 2240 2154 2293 mente:

554 2362 637 2414 66.
698 2380 725 2413 e
771 2367 1004 2427 gremio]
1057 2379 1175 2417 man
1233 2365 1371 2431 legte
1432 2364 1514 2415 die

484 2427 850 2549 gulphfrrollen
900 2432 1032 2484 beim
1071 2432 1231 2485 Lesen
1281 2434 1372 2485 auf
1414 2432 1513 2485 den

524 2512 551 2548 c
590 2513 622 2548 o
644 2515 686 2551 s.

552 2569 634 2618 67.
673 2566 726 2619 S.
763 2583 808 2618 z.
844 2566 932 2620 Nr.
968 2567 1004 2630 1,
1042 2568 1135 2636 904

552 2636 771 2688 69-88.
810 2626 945 2687 ‘Geh
988 2636 1130 2688 nicht
1165 2652 1278 2688 zum
1316 2635 1511 2700 Kaiser,

482 2701 546 2753 da
583 2703 664 2754 ich
714 2702 941 2763 hirchte,
986 2704 1093 2756 sein
1133 2706 1264 2757 Zorn
1315 2704 1510 2757 konnte

482 2785 584 2822 von
636 2786 819 2824 neuem
872 2771 1215 2832 entbrennen;
1270 2773 1508 2839 begniige

481 2837 597 2890 dich
635 2840 729 2890 mit
763 2840 876 2891 dem
914 2842 1212 2907 geringeren
1251 2833 1421 2893 Volk?

549 2908 632 2960 69.
666 2908 895 2972 palatia]
932 2908 1023 2960 auf
1043 2909 1157 2961 dem
1188 2924 1338 2961 mous
1361 2908 1510 2960 Pala-

480 2974 621 3026 tinus
645 2976 786 3026 hatte
809 2975 1076 3041 Augustus
1110 2978 1285 3029 seinen
1312 2975 1507 3030 Palast.

551 3046 612 3094 71
636 3057 705 3094 ss.
739 3038 868 3095 ‘Geh
895 3044 1036 3096 nicht
1058 3045 1188 3097 nach
1218 3044 1331 3097 dem
1360 3044 1508 3096 Pala-

482 3110 629 3174 tium,
665 3110 797 3163 denn
824 3126 926 3163 von
962 3111 1078 3164 dort
1113 3112 1216 3164 tras
1246 3113 1379 3164 mich
1418 3113 1509 3164 der

480 3177 777 3230 Blitzstrahl
796 3177 846 3233 d.
863 3180 1100 3231 b.wurde
1118 3180 1200 3231 ich
1222 3181 1373 3232 verba
1382 3172 1506 3232 nnt.‘

481 3275 546 3285 --
564 3247 624 3297 di
648 3247 905 3311 locorum]
933 3247 1026 3298 auf
1040 3247 1154 3299 dem
1176 3263 1323 3299 mons
1344 3247 1507 3300 Palat.

479 3314 655 3366 hatten
682 3315 764 3367 die
788 3313 1152 3380 Schutzgdtter
1175 3315 1332 3368 Roms
1358 3315 1508 3367 Tem-

479 3382 592 3498 preh
630 3397 688 3434 so
721 3382 962 3449 luppiter,
1000 3382 1142 3449 Iuno,
1175 3384 1365 3451 Apollo
1402 3384 1506 3436 und

527 3457 655 3502 esta.

549 3521 630 3571 72.
668 3517 813 3586 arce]
849 3518 1153 3572 bezeichnet
1177 3520 1379 3574 sowohl
1405 3520 1504 3574 den

477 3585 643 3653 Hflgel
664 3587 787 3653 (ng.
809 3586 960 3653 Vei-g.
980 3601 1061 3654 ge.
1084 3590 1132 3654 2,
1157 3591 1280 3642 535:
1304 3593 1503 3655 septem

480 3669 621 3706 arces
644 3654 858 3720 Romae)
895 3656 972 3707 als
996 3656 1126 3708 auch
1162 3657 1261 3709 den
1285 3656 1504 3709 Himmel

479 3725 587 3785 (arx
623 3722 786 3787 caeli).

548 3791 629 3842 76.
667 3789 782 3857 Vgl.
808 3805 872 3842 ex
894 3790 952 3842 P.
977 3789 1033 3851 11,
1059 3792 1108 3855 2,
1133 3794 1198 3845 35
1212 3808 1279 3844 s.:
1316 3792 1504 3858 accipi-

479 3858 711 3923 tremque
730 3859 916 3909 timens
934 3859 1105 3925 pinnis
1129 3858 1503 3926 trepidantibus

1618 2364 1725 2417 ales
1749 2364 1906 2417 audet
1928 2364 1992 2416 ad
2018 2365 2269 2417 humanos
2293 2364 2431 2416 fessa
2466 2365 2646 2417 venire

1617 2433 1784 2494 sinus;
1824 2436 1945 2484 met.
1982 2436 2030 2496 6,
2069 2435 2165 2486 527
2187 2448 2254 2486 ss.

1687 2503 1767 2553 78.
1805 2504 2048 2564 excussa]
2087 2499 2314 2563 entrafft3
2352 2515 2395 2554 s,
2431 2505 2555 2552 met.
2590 2503 2642 2566 6,

1685 2639 1768 2691 79.
1802 2639 2096 2700 Phaethon]
2135 2653 2176 2689 s.
2212 2642 2332 2688 met.
2369 2639 2417 2700 2,
2447 2638 2472 2689 1
2493 2650 2562 2688 88.

1685 2707 1769 2757 81.
1804 2706 1963 2768 Iovis]
2000 2728 2067 2749 ==
2102 2704 2350 2771 Augusti3
2387 2719 2428 2756 s.
2465 2708 2525 2756 tr.
2553 2702 2639 2767 lv,

1614 2775 1663 2837 3,
1699 2775 1782 2826 69.

1683 2842 1765 2894 83.
1786 2839 1838 2893 S.
1858 2855 1905 2891 z.
1923 2838 2079 2906 Prop.
2097 2838 2185 2891 Nr.
2203 2839 2334 2904 xxl,
2352 2841 2434 2894 39.
2451 2868 2521 2878 -
2534 2842 2643 2891 Ar-

1607 2909 1812 2975 golica]
1860 2907 2016 2959 heisst
2051 2906 2134 2958 die
2170 2907 2340 2961 Flotte
2376 2908 2465 2959 der
2498 2907 2640 2960 Grie-

1613 2978 1761 3041 chen,
1788 2976 1909 3027 weil
1929 2973 2280 3042 Agamemnon
2307 2978 2359 3029 in
2378 2974 2638 3043 Mykenai,

1612 3046 1753 3097 einer
1789 3042 1938 3096 Stadt
1971 3044 2024 3094 in
2059 3044 2284 3110 ArgoliS,
2318 3043 2596 3102 residierte.

1681 3114 1762 3166 85.
1787 3113 1961 3174 vasta]
1986 3126 2027 3163 s.
2045 3127 2089 3163 z.
2111 3111 2217 3164 Cat.
2241 3112 2325 3164 Nr.
2344 3111 2502 3177 XXV,
2524 3115 2638 3166 156.

1682 3183 1745 3233 85
1764 3194 1806 3231 e.
1841 3178 2288 3245 Sprichwiirtlich:
2316 3197 2356 3233 s.
2381 3185 2444 3232 tr.
2469 3183 2518 3246 2,
2546 3183 2634 3241 16;

1611 3264 1675 3300 ex
1710 3247 1768 3302 P.
1807 3246 1890 3307 lV,
1929 3251 2010 3312 14,
2047 3249 2140 3308 21;
2178 3248 2280 3303 Cic.
2317 3249 2381 3300 ad
2417 3248 2537 3300 sam.
2572 3247 2633 3312 X,

1611 3319 1693 3379 20,
1720 3318 1776 3369 2:
1815 3317 1963 3381 culpa
1992 3318 2126 3368 enim
2152 3317 2241 3369 illa
2270 3310 2376 3369 ‘bis
2412 3316 2477 3368 ad
2513 3331 2637 3369 eun-

1609 3380 1741 3436 dem’
1780 3383 1980 3467 vulgari
2016 3384 2321 3470 reprehepsa
2365 3384 2636 3467 proverbio

1610 3457 1714 3513 θείς
1752 3455 1834 3517 δὶς
1856 3470 2008 3535 προς
2039 3472 2145 3508 τον
2180 3446 2360 3508 αυτὸν
2396 3452 2640 3523 αἰσχρον

1610 3522 2357 3655 πρὲῖῗκξβέἦινᾼιλιὲἶζῖιζέηᾱεε
2394 3606 2425 3640 o
2448 3590 2520 3641 ist
2554 3588 2638 3642 bei

1610 3655 1703 3708 Ov.
1742 3656 1917 3723 hfiufig
1940 3657 2084 3722 kurz,
2122 3673 2180 3710 so
2204 3662 2337 3710 stets
2362 3657 2412 3709 in
2439 3655 2636 3722 Sulmo,

1608 3724 1771 3784 Nas03
1812 3724 1985 3791 hiufig
2007 3726 2061 3776 in
2082 3724 2282 3778 Verben
2308 3730 2462 3790 (amo,
2485 3740 2638 3793 nego,

1607 3796 1734 3860 puto
1770 3809 1819 3845 u.
1858 3798 1951 3857 a.),
1995 3792 2164 3845 fernen·
2199 3793 2283 3846 bei
2321 3792 2501 3846 Subst.
2537 3794 2637 3847 vie

1610 3875 1778 3926 nemo,
1814 3860 1896 3913 leo
1931 3878 1979 3913 u.
2019 3876 2064 3914 a.
