2850 4350
417 171 538 230 180

1086 170 1433 224 PROPERTII
1468 171 1670 225 XXVIII
1704 172 1807 239 (IV,
1832 175 1882 237 9)

499 343 665 404 Intra
709 343 1010 404 fortunam
1058 343 1161 422 qui
1206 343 1374 424 cupis
1417 361 1547 404 esse
1591 351 1785 417 tuam,

417 428 574 500 Quid
617 447 712 490 me
757 426 1058 490 scribendi
1104 435 1223 489 tam
1267 436 1493 490 vastum
1538 428 1721 489 mittis
1763 428 1826 489 in
1872 426 2141 507 aequor?

498 513 631 574 Non
676 520 818 575 sunt
859 521 996 591 apta
1040 531 1204 575 meae
1248 513 1493 593 grandia
1536 512 1662 574 vela
1704 513 1835 574 rati.

416 598 618 676 Turpe
663 605 784 672 est,
831 597 989 676 quod
1035 616 1326 677 nequeaS‚
1373 597 1550 679 capiti
1594 598 1966 660 committere
2012 598 2277 677 ponduS‚
2532 611 2563 660 5

501 682 577 742 Et
618 700 889 762 pressum
935 682 1152 756 inflexo
1197 701 1334 744 mox
1379 684 1520 744 dare
1565 689 1728 762 terga
1773 701 1952 762 genu.

417 767 629 828 Omnia
674 786 798 828 non
843 767 1065 847 pariter
1106 785 1310 830 rerum
1353 776 1497 830 sunt
1539 767 1817 829 omnibus
1860 776 2027 848 apta,

499 851 678 912 Fama
725 870 838 913 nec
881 870 952 913 ex
995 870 1186 931 aequo
1231 853 1468 914 ducitur
1510 851 1628 913 ulla
1670 853 1829 932 iugo.

418 936 612 997 Gloria
658 936 917 1017 Lysippo
962 944 1052 999 est
1094 938 1359 1000 animosa
1403 937 1690 1017 effingere
1734 937 1902 1016 signa
1921 982 1937 1011 ‚

503 1021 737 1083 Exactis
781 1020 1029 1084 Calamis
1071 1041 1136 1084 se
1178 1023 1322 1084 mihi
1365 1023 1541 1084 iactat
1585 1021 1784 1101 equis,
2508 1030 2570 1082 10

416 1203 537 1252 vor,
592 1201 742 1238 wenn
797 1202 852 1239 er
902 1202 997 1240 nur
1041 1186 1131 1241 des
1176 1188 1441 1255 Augustus

418 1253 618 1306 Freund
653 1254 744 1307 sei.
817 1254 887 1307 So
924 1255 1162 1322 begniige
1198 1257 1329 1310 auch
1369 1271 1442 1322 er,

417 1324 506 1374 der
540 1322 776 1387 Dichter,
818 1322 928 1374 sich
963 1324 1058 1375 mit
1091 1325 1207 1376 dem
1241 1324 1440 1376 Ruhme

419 1391 501 1442 ein
528 1389 767 1456 Elegiker
801 1406 864 1442 zu
898 1391 1026 1456 sein,
1062 1406 1214 1444 wenn
1240 1408 1295 1445 er
1329 1392 1440 1446 sich

419 1458 548 1511 auch
572 1458 741 1510 ferner
774 1459 864 1509 der
887 1457 1053 1511 Gunst
1087 1458 1178 1511 des
1201 1459 1443 1512 Macenas

418 1525 631 1578 erfreue.
659 1554 728 1564 -
750 1524 850 1577 Der
873 1525 1132 1579 Scholiast
1154 1528 1288 1580 Acro
1326 1530 1443 1594 sagt

418 1609 481 1644 zu
529 1592 645 1645 Hor.
682 1598 776 1646 sat.
811 1593 859 1658 1,
898 1596 957 1658 6,
994 1596 1087 1646 97:
1132 1594 1444 1661 (Maecenas)

418 1661 1443 1799 {¹222..533310131‘32‘3'22⁸3‘120ssss1235-221'2‘3

419 1796 691 1849 derselben
728 1795 913 1849 Stelle:
966 1799 1053 1865 qui
1089 1797 1317 1863 (Maec),
1353 1799 1442 1851 ab·

420 1864 632 1916 horrens
667 1866 975 1917 senatoriam
1012 1865 1342 1933 dignitatern,
1388 1868 1441 1918 in

417 1933 675 2051 ssqgestris
698 1931 1069 2053 orttginidsigigidu
1090 1936 1442 2053 {f‘confiufft'

463 2015 489 2051 a
532 2015 585 2052 er
607 2015 739 2053 nann
798 2016 828 2052 n
903 2016 932 2052 e
991 2017 1073 2054 em
1145 2017 1331 2055 acenas
1391 2018 1443 2055 e*

420 2066 718 2120 freundeten
743 2065 950 2121 Dichter
986 2069 1074 2121 ihn
1110 2084 1234 2135 geru
1259 2085 1442 2137 eques:

420 2134 538 2188 Hor.
564 2150 607 2187 c.
631 2134 667 2200 1,
695 2136 777 2199 20,
803 2138 862 2197 ὃς
899 2134 976 2200 ΙΙΙ,
1003 2138 1082 2202 16,
1110 2139 1192 2193 20.

492 2207 537 2255 1.
571 2202 866 2266 Maecenas]
885 2207 1122 2256 stammte
1139 2221 1242 2257 von
1262 2206 1446 2259 Vater-

418 2270 549 2322 seite
573 2284 667 2322 aus
690 2269 807 2322 dem
831 2269 1139 2324 Geschlecht
1161 2272 1251 2325 der
1276 2273 1444 2327 Mace-

419 2343 573 2389 naten
597 2353 700 2390 von
719 2337 971 2391 Arretium
996 2339 1049 2392 in
1070 2340 1317 2405 Etrurien‚
1341 2357 1444 2395 von

417 2404 739 2458 Mutterseite
790 2421 883 2458 aus
933 2406 1048 2460 dem
1103 2407 1193 2459 der
1241 2409 1445 2470 Cilnier‚

418 2473 504 2525 die
542 2475 637 2527 301
687 2489 781 2525 vor
815 2474 928 2525 Chr.
965 2475 1092 2539 (Liv.
1127 2479 1208 2541 10,
1242 2480 1296 2540 3)
1344 2493 1445 2529 von

419 2542 536 2594 dort
559 2542 851 2595 vertrieben
875 2542 1084 2596 worden
1107 2559 1295 2597 waren.
1337 2544 1445 2597 Ans

417 2609 588 2661 dieser
623 2608 834 2662 Familie
883 2626 1052 2663 waren
1098 2612 1233 2665 viele
1280 2617 1446 2665 etrus-

420 2676 600 2729 kische
622 2676 941 2731 Lucumones
967 2677 1206 2746 (Konige)
1237 2680 1444 2732 hervor-

417 2759 703 2811 gegangen.
756 2745 869 2812 Vgl.
889 2745 1006 2799 Hor.
1027 2763 1072 2799 c.
1089 2747 1126 2813 Ι,
1149 2751 1274 2812 1,1:
1306 2747 1444 2800 Mae-

420 2827 591 2876 cenas,
615 2814 780 2866 atavis
802 2814 938 2866 edite
957 2815 1180 2881 regibus.
1229 2815 1443 2869 Tacitus

420 2885 537 2947 sagt
554 2896 657 2934 von
671 2883 864 2935 seinem
878 2881 1172 2936 Verhfiltnis
1190 2900 1254 2936 zu
1268 2885 1445 2949 Augu·-

417 2952 563 3001 stus:
602 2950 863 3015 Augustus
898 2950 1050 3002 bellis
1080 2952 1318 3004 civilibus
1343 2951 1444 3003 Gil-

421 3008 562 3068 nium
585 3014 936 3070 Maecenatem
972 3020 1226 3086 equestris
1251 3019 1444 3072 ordinis

419 3083 618 3136 cunctis
654 3084 788 3151 apud
816 3084 1029 3137 Romam
1066 3091 1223 3154 atque
1247 3087 1443 3139 Italiam

420 3153 719 3218 praeposuit
753 3154 891 3217 (ann.
917 3155 966 3217 6,
993 3156 1095 3219 11).

488 3222 536 3273 2.
591 3219 722 3274 Vell.
758 3219 955 3273 Patere.
992 3223 1042 3286 2,
1088 3224 1152 3274 88
1190 3226 1306 3288 sagt
1339 3237 1445 3274 von

418 3286 682 3340 Micenas:
731 3288 860 3340 vixit
906 3290 1112 3354 angusti
1159 3289 1292 3341 elavi
1337 3288 1443 3341 fine

420 3360 709 3420 contentus,
732 3370 828 3408 nec
849 3357 1041 3408 maiora
1067 3357 1312 3424 consequi
1339 3373 1443 3410 non

418 3424 603 3489 potuit,
630 3423 721 3476 sed
742 3439 844 3477 non
865 3424 1178 3492 concupivit.
1203 3452 1274 3463 —
1289 3428 1443 3476 intra

417 3490 717 3555 fortunam]
734 3492 859 3544 citra
872 3492 1062 3545 limites
1075 3492 1310 3546 fortunae
1320 3508 1444 3545 con-

420 3559 630 3623 sistere,
666 3574 842 3626 gerere
877 3576 934 3613 se
967 3559 1251 3613 modestius
1287 3576 1441 3629 quam

418 3626 627 3744 guidem
662 3643 753 3695 per
776 3628 1030 3681 fortunam
1054 3628 1209 3682 licere
1239 3634 1441 3696 posset:

465 3694 708 3748 roukhus.

487 3763 518 3812 3
540 3776 582 3813 ε.
652 3762 744 3816 Die
803 3763 1109 3817 Dichtkunst
1165 3763 1295 3816 wird
1353 3762 1445 3816 der

421 3826 695 3880 Schiffahrt
736 3830 1058 3896 verglichen3
1107 3831 1198 3884 der
1232 3831 1443 3898 epische

1541 1186 1749 1239 Dichter
1784 1189 1977 1238 steuert
2003 1185 2144 1237 kiihn
2180 1186 2232 1239 in
2269 1185 2363 1238 das
2399 1185 2569 1240 offene

1542 1254 1683 1308 Meet
1718 1255 1927 1306 hinaus:
1966 1269 2008 1306 s.
2034 1253 2120 1305 Nr.
2146 1253 2344 1319 XXVII,
2369 1257 2452 1308 22.

1612 1327 1695 1377 58.
1729 1321 1847 1388 Vgl.
1867 1320 1960 1373 Ov.
1980 1337 2044 1374 ex
2062 1321 2194 1385 P.11‚
2216 1325 2262 1383 ’1,
2283 1326 2427 1376 77s.:
2452 1336 2569 1375 sus-

1543 1392 1708 1443 tineas
1752 1392 1810 1442 ut
1857 1404 2016 1454 onus,
2063 1389 2327 1442 nitendum
2375 1391 2570 1443 vertice

1544 1458 1699 1525 pleno
1754 1461 1861 1510 est:
1921 1462 2040 1521 aut,
2090 1457 2231 1510 flecti
2284 1472 2471 1511 nervos
2522 1459 2569 1511 si

1545 1527 1756 1593 patiere,
1794 1523 1961 1577 cades.
2365 1546 2370 1551 ·

1616 1598 1663 1648 5.
1699 1593 1845 1659 quod
1876 1595 2125 1658 nequeas]
2162 1593 2382 1645 niimlich
2419 1593 2570 1658 ferre,

1547 1676 1656 1713 was
1668 1676 1761 1712 aus
1774 1660 1929 1726 capiti
1945 1675 2128 1711 comm.
2143 1676 2206 1713 zu
2219 1663 2470 1727 erganzen
2483 1663 2570 1714 ist.

1615 1733 1663 1781 7.
1699 1731 1880 1780 omnia
1915 1732 2117 1792 rerum]
2154 1743 2196 1780 s.
2224 1727 2342 1782 Hor.
2368 1744 2412 1781 c.
2437 1729 2496 1795 11,
2527 1733 2571 1794 Ι,

1547 1799 1628 1850 23.
1663 1825 1732 1835 -
1757 1797 1938 1847 omnia
1959 1812 2144 1847 rerum
2167 1819 2235 1840 ι-
2258 1812 2437 1849 omnes
2470 1812 2571 1849 reS.

1543 1894 1613 1904 —
1648 1863 1765 1930 Vgl.
1792 1862 1885 1917 Ov.
1912 1878 1957 1916 a.
1983 1879 2027 1915 a.
2052 1865 2102 1927 3,
2144 1866 2267 1917 188:
2315 1880 2432 1916 nam
2466 1880 2571 1917 non

1545 1933 1860 1985 conveniens
1895 1931 2133 1984 omnibus
2170 1933 2336 1984 omnis
2370 1934 2484 1984 erit.

1617 2002 1664 2053 8.
1691 1992 1833 2051 ‘Non
1857 2014 2036 2051 omnes
2066 1998 2132 2051 ad
2155 2001 2325 2052 omnia
2354 2001 2462 2052 nati
2486 2016 2571 2054 su-

1547 2081 1689 2127 mus;
1726 2082 1822 2120 nec
1846 2067 2136 2135 quisquam,
2170 2068 2269 2120 nisi
2293 2069 2418 2120 artis
2443 2082 2569 2121 suae

1548 2135 1809 2202 fastigium
1861 2135 2057 2201 attigit,
2103 2136 2287 2189 famam
2340 2137 2573 2205 accipere

1546 2207 1745 2271 potest:
1766 2203 1870 2255 noli
1891 2202 2048 2268 igitur
2066 2205 2164 2257 hoc
2191 2220 2219 2257 a
2238 2220 2323 2257 me
2340 2220 2573 2272 poscere,

1549 2270 1688 2339 quod
1710 2272 1754 2322 si
1780 2271 1980 2336 faciam,
2017 2272 2229 2338 gloriam
2265 2277 2435 2325 tamen
2460 2274 2579 2326 nul-

1547 2339 1650 2391 lam
1670 2338 1948 2406 adepturus
1966 2355 2097 2394 sum.
2146 2340 2233 2393 Sic
2251 2341 2380 2393 infra
2401 2340 2464 2404 V,
2492 2344 2575 2406 10,

1550 2410 1580 2460 3
1598 2422 1666 2462 s.:
1692 2422 1930 2473 magnum
1956 2407 2054 2460 iter
2078 2407 2352 2472 adscendo,
2377 2408 2465 2461 sed
2487 2408 2576 2461 dat

1548 2475 1674 2527 mihi
1698 2475 1858 2541 gloria
1886 2476 2048 2528 vires:
2084 2492 2188 2529 non
2213 2476 2356 2528 iuvat
2379 2491 2407 2528 e
2432 2476 2574 2529 facili

1547 2543 1679 2595 lecta
1719 2557 1904 2595 corona
1944 2535 2101 2609 iugo.'
2163 2542 2468 2597 Lachmann.
2508 2573 2570 2584 —

1546 2610 2114 2732 ?.⁰.;¹÷t{;³3'²1};‘5}‘„⁷:².].:
2147 2612 2574 2744 ''mati-2302}

1548 2745 1663 2798 Bitd
1687 2747 1756 2798 ist
1779 2746 1868 2798 der
1888 2746 2069 2808 Quelle
2088 2747 2337 2812 entlehnt,
2360 2748 2444 2800 die
2468 2763 2572 2801 von

1545 2815 1712 2867 einem
1732 2813 1865 2880 Berg
1889 2814 2259 2880 herabgeleitet
2282 2815 2438 2878 wird3
2466 2816 2572 2883 vgl.

1544 2882 1730 2934 ducere
1767 2883 1924 2947 rivos,
1962 2897 2163 2949 aquam.

1613 2952 1661 3002 9.
1701 2951 1903 3015 gloria]
1952 2951 2004 3002 in
2041 2949 2198 3002 Prosa
2247 2952 2437 3002 miitste
2482 2949 2574 3003 der

1542 3017 1695 3069 Dativ
1719 3018 1918 3070 stehen.
1955 3047 2022 3056 —
2055 3017 2326 3086 Lysippus
2376 3018 2459 3070 ein
2483 3018 2575 3071 be-

1545 3085 1771 3137 ruhmter
1789 3084 2087 3137 Erzbildner
2107 3100 2201 3137 aus
2220 3086 2310 3138 der
2368 3085 2439 3137 eit
2453 3085 2575 3138 Ale·

1543 3151 1765 3205 xanders
1787 3151 1879 3205 des
1903 3152 2149 3215 Grossen3
2174 3152 2464 3206 Alexander
2485 3169 2575 3221 ge-

1548 3223 1757 3273 stattete
1791 3236 1888 3272 nur
1923 3220 2116 3273 diesem
2148 3221 2235 3274 ihn
2272 3223 2325 3273 in
2350 3221 2575 3275 ehernen

1547 3287 1763 3340 Statuen
1786 3289 2183 3341 nachzubilden:
2222 3289 2338 3341 Hor.
2374 3304 2491 3357 epp.
2515 3290 2575 3355 ΙΙ,

1548 3358 1596 3421 1,
1632 3357 1730 3409 239
1749 3370 1791 3408 s.
1828 3385 1896 3396 —
1933 3360 2197 3425 animosa]
2224 3348 2574 3411 ‘lebensvoll’.

1616 3427 1696 3478 10.
1716 3428 1958 3490 omem]
1978 3424 2247 3477 kunstvoll
2261 3425 2545 3491 gearbeitet
2559 3447 2574 3488 ;

1544 3505 1587 3543 s.
1624 3491 1710 3543 Nr.
1745 3490 1934 3557 XXVI,
1970 3495 2027 3554 8;
2064 3492 2151 3545 Nr.
2188 3492 2349 3558 xvu,
2387 3495 2469 3548 30.
2507 3523 2575 3534 —-

1547 3558 1800 3627 Calamis]
1836 3560 1920 3612 ein
1957 3561 2292 3628 Zeitgenosse
2327 3560 2420 3614 des
2455 3560 2576 3619 Phi·

1545 3626 1672 3692 dias,
1709 3627 1948 3680 bertihmt
1982 3628 2140 3682 durch
2165 3629 2307 3681 seine
2330 3627 2496 3682 Rosse
2520 3631 2573 3681 in

1544 3694 1668 3756 Erz3
1705 3695 1810 3761 vgl.
1838 3694 1930 3748 Ον.
1956 3711 2019 3749 ex
2042 3695 2101 3749 P.
2125 3695 2211 3762 IV,
2248 3699 2295 3760 1,
2332 3699 2424 3751 33:
2461 3697 2575 3750 vin-

1545 3763 1684 3815 dicat
1705 3767 1764 3816 ut
1781 3763 2002 3817 Calamis
2027 3764 2248 3828 laudem,
2275 3779 2407 3832 quos
2431 3764 2575 3831 fecit,

1542 3846 1810 3898 equorum.
