2850 4350
441 139 570 200 276

1146 140 1339 196 ovmu
1372 140 1487 194 xm
1524 146 1609 208 (ex
1645 140 1700 196 P.
1726 140 1802 209 111,
1827 144 1877 207 s)

439 315 574 376 Non
617 315 715 376 hic
756 314 1087 395 pampineis
1131 314 1403 377 amicitur
1442 314 1660 376 vitibus
1700 314 1930 388 ulmuS‚

523 399 695 462 Nulla
738 409 1019 480 premunt
1060 419 1256 463 ramos
1298 400 1566 481 pondere
1609 416 1784 480 poma
1827 418 1954 462 suo.

440 482 655 545 Tristia
699 484 993 548 deformes
1034 485 1275 566 pariunt
1316 485 1607 548 absinthia
1651 485 1872 564 campi,
2545 496 2606 547 15

528 569 831 649 Terraque
875 571 947 632 de
992 572 1221 646 fructu,
1267 590 1443 650 quam
1488 570 1565 632 sit
1607 588 1830 644 amara,
1875 570 2064 632 docet.

440 653 535 715 Nil
578 654 758 733 igitur
798 664 922 717 tota
964 656 1141 718 Ponti
1184 657 1430 737 regione
1474 655 1728 729 sinistri,

531 739 704 810 Quod
750 758 878 802 mea
925 741 1203 803 sedulitas
1244 741 1478 802 mittere
1522 748 1747 820 posset,
1793 748 1936 801 erat.

445 823 654 886 Clausa
695 835 894 887 tamen
939 827 1070 888 misi
1118 826 1386 907 Scythica
1433 824 1541 886 tibi
1586 824 1700 887 tela
1744 826 2044 905 pharetra:

528 910 711 972 Hoste
756 930 968 990 precor
1012 913 1158 973 fiant
1198 911 1293 973 illa
1336 919 1587 972 cruenta
1629 920 1751 972 tuo.
2538 919 2603 971 20

441 992 568 1056 Hos
610 995 792 1058 hahet
833 998 979 1058 haec
1023 997 1311 1071 calamos,
1353 997 1465 1057 hos
1508 996 1653 1058 haec
1695 995 1876 1057 habet
1918 1012 2022 1055 ora
2066 993 2326 1068 libellos,

528 1079 687 1142 Haec
732 1082 889 1160 viget
930 1082 993 1142 in
1039 1081 1287 1155 nostris,
1331 1080 1608 1156 Maxime,
1655 1080 1818 1143 Musa
1862 1079 2042 1141 locis!

442 1163 605 1236 Quae
648 1184 1004 1246 quamquam
1047 1166 1274 1228 misisse
1317 1167 1530 1247 pudet,
1590 1166 1727 1246 quia
1768 1183 1945 1246 parva
1987 1163 2286 1238 videntur,

529 1250 621 1311 Tu
662 1259 861 1313 tamen
905 1252 1081 1327 haec,
1127 1269 1380 1331 quaeso,
1426 1250 1672 1313 consule
1715 1251 1889 1314 missa
1933 1248 2098 1310 boni.

442 1399 573 1452 auch
598 1399 681 1452 die
698 1400 861 1466 Junge
884 1400 1040 1463 Frau;
1064 1415 1106 1456 s.
1124 1408 1246 1454 met.
1270 1404 1319 1468 2,
1339 1404 1466 1463 3663

443 1469 492 1531 6,
527 1470 626 1521 588
662 1484 714 1523 ιι.
751 1467 843 1522 oft.

512 1538 593 1588 13.
642 1535 695 1589 S.
732 1535 986 1601 Nrsle,
1023 1542 1104 1594 71.
1186 1537 1242 1590 ln
1287 1538 1468 1591 ltalien

440 1603 594 1656 rankt
618 1619 735 1656 man
759 1604 841 1657 die
862 1604 1169 1659 Weinreben
1194 1621 1257 1658 an
1281 1605 1466 1658 Ulmen

442 1686 637 1738 empor,
672 1672 755 1724 die
789 1674 841 1724 in
878 1673 978 1726 deu
1011 1674 1339 1742 Weingarten
1379 1690 1467 1726 an·

444 1755 510 1807 ge
548 1740 706 1793 flanzt
739 1741 975 1803 werden;
1020 1744 1126 1810 vgl.
1162 1747 1225 1798 tr.
1264 1745 1312 1807 2,
1342 1745 1466 1796 143:

442 1808 496 1926 {i
515 1809 548 1928 8i
585 1824 684 1927 elgo
720 1811 1004 1877 pampineis
1050 1816 1312 1864 oneratam
1345 1811 1467 1863 viti-

480 1892 513 1928 u
575 1893 609 1929 u
631 1892 786 1930 mum.

516 1947 595 1998 15.
643 1944 760 2012 Vgl.
797 1961 859 1998 ex
895 1945 953 1998 Ρ.
987 1946 1065 2013 111,
1104 1949 1149 2010 1,
1186 1948 1251 1999 23
1272 1961 1340 1998 8.:
1376 1948 1467 1999 tri-

443 2012 542 2063 stia
591 2028 681 2081 per
714 2029 907 2067 vacuos
955 2014 1163 2067 horrent
1210 2014 1466 2068 absinthia

444 2095 671 2147 campos,
707 2082 1019 2135 conveniens
1059 2097 1121 2135 ue
1157 2096 1252 2135 suo
1283 2085 1468 2136 messis

445 2162 616 2200 amara
651 2148 786 2203 loco.
843 2147 1025 2217 Xenop
1064 2188 1078 2202 .
1113 2150 1209 2202 An.
1243 2150 1284 2214 1,
1320 2154 1369 2214 5,
1407 2153 1466 2205 1:

441 2213 518 2296 ἐζ
541 2212 726 2290 τούτῳ
762 2215 826 2299 δὲ
854 2219 940 2291 τῷ
973 2213 1136 2301 τιξπῳ
1177 2208 1248 2287 ἧν
1280 2217 1386 2301 μὲν
1432 2211 1466 2288 ἢ

441 2285 752 2418 ιζῖἱλῖῖῖιῖἴ
759 2283 1467 2434 ἄᾙῖἕέἷουοςὲλτῗὶἦῖξὲερ

505 2422 584 2475 16.
598 2423 808 2485 amara]
822 2436 921 2474 me
931 2437 1083 2475 unser
1112 2423 1283 2488 bitter,
1295 2417 1467 2476 herbe'

442 2486 832 2559 doppelsinniffl
854 2491 959 2558 vgl.
983 2494 1134 2557 regio
1159 2508 1377 2544 amara:
1402 2507 1468 2544 ex

441 2554 500 2608 P.
535 2557 612 2624 111,
646 2562 695 2624 9,
730 2560 813 2612 37.

1643 1404 1723 1455 17.
1767 1402 1927 1452 Ponti
1972 1401 2204 1464 sinistra
2241 1400 2457 1449 sinister
2505 1399 2598 1451 be-

1570 1469 1748 1521 deutet
1770 1468 2020 1521 zunachst
2043 1466 2181 1520 links
2205 1467 2448 1534 gelegem
2481 1482 2526 1519 s.
2547 1483 2598 1519 z.

1570 1535 1657 1589 Nr.
1680 1536 1718 1604 1,
1741 1538 1823 1589 97.
1891 1535 2035 1588 Danu
2070 1537 2141 1588 ist
2174 1550 2229 1587 es
2253 1558 2321 1600 ·=
2343 1533 2601 1600 ungliick-

1569 1604 1690 1659 lich.
1726 1604 1841 1671 Vgl.
1863 1609 1921 1657 tr.
1938 1604 1999 1669 V,
2018 1607 2097 1669 10,
2115 1607 2193 1656 14;
2218 1601 2449 1672 Scythici
2471 1618 2597 1657 vere

1571 1677 1703 1727 terra
1741 1673 1947 1726 sinistra
1983 1672 2118 1725 freti.

1640 1743 1700 1794 21
1723 1756 1762 1793 s.
1790 1733 2017 1793 ζΚόιιῑιιιϊ
2053 1738 2155 1793 und
2181 1739 2361 1804 Pt'eile,
2395 1737 2488 1791 das
2523 1739 2598 1791 ist

1569 1824 1753 1861 unsere
1795 1808 1980 1861 Poesie
2030 1799 2173 1863 hier?
2215 1836 2285 1848 —
2337 1808 2596 1871 calamus]

1568 1876 1709 1997 {ioht
1727 1893 1841 1930 zum
1862 1876 2142 1929 Schreiben
2158 1875 2262 1929 und
2282 1891 2398 1928 zum
2417 1874 2597 1929 Schic-

1590 1961 1698 1997 sen.

1640 2015 1723 2067 24.
1777 2015 1904 2065 boni
1949 2012 2160 2079 aliquid
2203 2012 2476 2063 contulere
2522 2034 2594 2055 ει

1572 2085 1737 2134 etwas
1783 2080 1865 2136 fur
1899 2086 1994 2147 gut
2039 2079 2243 2143 halten,
2288 2080 2436 2146 giitig
2480 2080 2597 2132 aus·

1571 2148 1817 2214 nehmen,
1864 2148 2007 2202 nicht
2041 2147 2247 2202 miikeln
2298 2162 2364 2200 an
2400 2151 2595 2213 etwas;

1567 2217 1906 2285 vollstandig:
1955 2218 2107 2285 aequi
2146 2217 2371 2284 bonique
2408 2216 2595 2282 facere,

1569 2286 1854 2341 consulere.
1928 2288 2055 2337 bom·
2104 2287 2173 2338 ist
2207 2290 2376 2352 genet.
2412 2286 2593 2352 pretii:

1569 2354 1696 2407 iiber
1715 2355 1831 2407 eine
1850 2370 1915 2406 an
1925 2355 2036 2405 sich
2056 2354 2411 2420 geringffigige
2426 2352 2593 2406 Sache

1570 2438 1630 2475 so
1655 2422 1886 2486 urteilen‚
1913 2421 2024 2474 dass
2043 2437 2161 2474 man
2181 2422 2255 2474 sie
2279 2422 2420 2474 einer
2439 2427 2595 2474 wert-

1570 2490 1744 2543 vollen
1779 2489 2108 2559 gleichstellt.
