2850 4350
424 148 507 209 36
1203 145 1477 199 CATULLI
1511 145 1667 199 XVIII
1701 148 1809 212 (76)

425 323 550 385 Nec
595 329 861 383 sanctam
902 319 1150 381 violasse
1191 319 1367 380 fidem
1387 366 1402 394 ,
1449 337 1563 380 nec
1604 305 1846 380 foedere
1890 317 1952 379 in
1999 317 2122 378 ullo

511 408 722 469 Divum
766 406 834 467 ad
881 405 1170 467 fallendos
1213 404 1462 466 numine
1506 403 1757 465 abusum
1799 403 2102 477 homines„

426 493 607 554 Multa
650 499 855 572 parata
900 499 1147 552 manent
1189 497 1317 550 tum
1361 489 1423 550 in
1470 486 1647 568 longa
1690 496 1912 564 aetate,
1959 487 2217 561 Catulle,

2554 497 2588 547 5

511 577 600 638 Ex
645 578 760 638 hoc
801 576 1036 656 ingrato
1082 575 1295 654 gaudia
1339 592 1543 635 amore
1585 574 1714 635 tibi.

426 663 572 724 Nam
619 678 1029 741 quaecumque
1070 659 1345 721 homines
1388 659 1546 720 bene
1590 658 1868 738 cuiquam
1921 664 2024 718 aut
2064 656 2264 718 dicere
2325 664 2585 736 possunt

509 749 629 810 Aut
671 747 899 821 facere,
941 745 1087 806 haec
1133 764 1167 805 a
1209 753 1269 806 te
1314 744 1586 823 dictaque
1627 745 1899 824 factaque
1942 750 2102 803 sunt.

427 832 642 894 Omnia
687 850 838 910 quae
882 831 1146 909 ingratae
1190 829 1503 910 perierunt
1545 829 1765 890 credita
1810 827 2015 889 menti.

514 917 713 989 Quare
759 934 868 978 cur
908 924 968 976 te
1013 916 1130 977 iam
1174 915 1429 995 amplius
1471 911 1819 976 excrucies?
2525 921 2586 973 10

435 1002 597 1075 Quin
643 1010 712 1063 tu
756 1001 954 1062 animo
1000 1001 1260 1062 offirmas
1305 1009 1483 1078 atque
1528 998 1702 1061 istinc
1743 1008 1923 1078 teque
1966 995 2201 1059 reducis

512 1086 592 1147 Et
635 1085 725 1148 dis
767 1085 965 1152 invitis
1008 1086 1228 1148 desinis
1271 1102 1400 1147 esse
1444 1082 1672 1145 miser?

426 1171 676 1234 Difficile
720 1178 810 1232 est
852 1170 1099 1250 longum
1143 1170 1340 1232 subito
1383 1169 1688 1249 deponere
1730 1185 2014 1229 amorem.

512 1255 763 1318 Difficile
808 1266 915 1331 est,
957 1274 1160 1317 verum
1205 1256 1320 1316 hoc
1365 1272 1480 1333 qua
1523 1253 1689 1315 lubet
1732 1253 1979 1315 efficias:

425 1341 558 1403 Una
603 1341 761 1403 salus
805 1341 951 1402 haec
997 1350 1104 1415 est,
1148 1341 1263 1401 hoc
1308 1351 1398 1401 est
1439 1339 1546 1400 tibi
1590 1337 2093 1420 pervincendum:
2524 1343 2585 1396 15

513 1426 643 1487 Hoc
684 1425 881 1499 facias,
925 1425 1047 1486 sive
1089 1425 1148 1486 id
1195 1444 1318 1486 non
1363 1433 1506 1504 pote
1548 1425 1669 1486 sive
1712 1431 1871 1505 pote.

430 1511 479 1572 Ο
527 1511 618 1586 di,
662 1511 713 1572 si
756 1519 1014 1572 vestrum
1060 1519 1151 1571 est
1192 1510 1488 1586 misereri,
1531 1517 1634 1571 aut
1677 1509 1726 1570 si
1770 1508 1987 1588 quibus
2031 1524 2312 1586 umquam

494 1595 791 1666 ¹Extremo
834 1596 950 1657 iam
993 1595 1120 1676 ipsa
1162 1595 1223 1657 in
1269 1603 1462 1656 morte
1501 1594 1717 1656 tulistis
1761 1611 1967 1673 opem,

425 1682 521 1743 Me
562 1681 843 1743 miserum
889 1681 1170 1761 adspicite
1213 1688 1303 1755 et,
1349 1680 1398 1741 si
1441 1679 1617 1741 vitam
1658 1679 1890 1760 puriter
1933 1677 2055 1759 egi,

511 1765 740 1846 Eripite
782 1767 935 1827 hanc
978 1773 1205 1846 pestem
1249 1764 1698 1845 perniciemque
1739 1764 1903 1825 mihi.
2522 1768 2583 1820 20

426 1851 539 1914 Hei
582 1851 745 1926 mihi,
790 1850 1122 1931 subrepens
1164 1850 1316 1911 imos
1358 1859 1425 1911 ut
1467 1859 1679 1931 torpor
1719 1849 1782 1910 in
1829 1855 1991 1910 artus

512 1936 756 2017 Expulit
796 1955 868 1998 ex
913 1935 1076 1997 omni
1118 1944 1362 2016 pectore
1402 1935 1683 1998 laetitias!

497 2121 544 2171 5.
577 2120 708 2181 tum]
735 2117 787 2169 S.
807 2134 851 2172 c.
870 2121 949 2185 15,
972 2122 1144 2172 Mssa
1170 2121 1215 2170 si
1241 2157 1255 2171 .
1274 2155 1288 2171 .
1309 2155 1323 2170 .
1343 2156 1358 2183 ,
1383 2119 1451 2170 ah

427 2191 539 2239 tum
562 2191 615 2238 te
638 2188 904 2249 miserium
942 2187 1029 2240 Nr.
1055 2187 1211 2252 XXV,
1236 2190 1334 2241 228
1357 2203 1449 2249 ss.;

428 2258 513 2318 64,
550 2256 650 2307 269
668 2268 767 2315 ss‚;
802 2254 954 2321 Verg.
990 2256 1052 2307 A.
1090 2259 1139 2321 5,
1176 2258 1302 2313 72ος
1348 2255 1453 2310 Cic.

430 2320 675 2385 verr.1V‚
695 2325 776 2387 51,
800 2325 914 2377 113.
960 2321 1042 2378 εἰ.
1063 2366 1076 2379 .
1097 2366 1109 2378 .
1129 2360 1144 2388 ,
1165 2317 1229 2393 δὴ
1253 2317 1451 2379 ἔπειτα

428 2389 520 2442 Od.
561 2394 606 2453 1,
642 2391 742 2443 289
761 2404 803 2442 s,
837 2392 1067 2457 (Ameis).
1394 2421 1409 2436 ι

499 2462 546 2511 7.
572 2460 871 2524 quiequam]
890 2458 1052 2511 findet
1069 2458 1180 2511 sich
1198 2459 1414 2512 zuweile

428 2527 482 2578 in
508 2525 711 2589 Siitzen,
747 2526 831 2578 die
855 2527 1123 2579 aurserlich
1159 2525 1331 2578 weder
1365 2542 1455 2579 ne-

428 2595 572 2660 gativ
607 2594 741 2646 noch
775 2594 1141 2663 hypothetisch
1185 2597 1246 2658 (s.
1281 2610 1326 2646 z.
1363 2593 1451 2648 Nr.

427 2661 554 2727 VIII,
580 2663 629 2725 1)
651 2662 766 2714 sind
791 2667 856 2727 (z.
878 2662 938 2714 B.
957 2663 1064 2715 Liv.
1086 2662 1303 2726 XXXIII,
1324 2665 1371 2727 3,
1390 2666 1451 2724 4;

429 2730 533 2783 Cic.
570 2729 678 2782 Cat.
726 2730 769 2795 1,
809 2732 864 2797 2,
900 2734 980 2797 6),
1025 2745 1176 2784 wenn
1223 2747 1319 2783 nur
1363 2731 1455 2783 der

428 2797 557 2850 Sinn
576 2798 665 2851 der
677 2797 831 2851 Sfitze
848 2799 1056 2865 negativ
1070 2800 1154 2864 ist,
1172 2803 1360 2866 mogen
1375 2800 1454 2851 sie

427 2866 564 2918 ihrer
595 2866 745 2919 Form
781 2867 913 2919 nach
946 2868 1133 2920 relativ
1166 2868 1290 2920 oder
1324 2872 1454 2919 tem-

466 2933 574 2986 oral
594 2933 717 2986 oder
735 2936 982 2988 sonstwie
1009 2935 1299 2987 beschaffen
1324 2937 1454 2988 sein.

471 3018 500 3053 o
536 3002 606 3053 ist
641 3001 748 3052 hier
773 3003 862 3054 der
883 3002 1035 3055 Sinn:
1063 2996 1217 3056 ‘Kein
1242 3003 1455 3057 Mensch

429 3068 570 3120 kann
593 3069 735 3121 mehr
759 3070 887 3122 thun
913 3071 1037 3124 oder
1060 3086 1237 3155 sagen,
1272 3071 1350 3123 als
1384 3071 1453 3124 du

430 3140 613 3204 gesagt
648 3136 751 3188 und
788 3138 978 3202 gethan
1014 3138 1145 3192 hast.

497 3207 546 3257 9.
593 3205 817 3268 credita]
867 3205 982 3257 Wie
1029 3206 1118 3258 der
1160 3206 1454 3259 Landmann

430 3273 521 3325 das
547 3271 864 3325 Samenkorn
889 3273 978 3325 der
1000 3273 1133 3326 Erde
1157 3279 1455 3327 auvertraut

429 3341 534 3394 und
580 3341 658 3392 als
704 3340 848 3393 Lohn
891 3342 1095 3393 reichen
1139 3342 1455 3407 Erntesegen

431 3412 689 3478 erwartet‚
704 3424 762 3462 so
779 3411 1030 3462 erweisen
1046 3411 1140 3461 wir
1145 3410 1455 3475 jem.Wohl·

429 3478 604 3529 thaten
640 3479 693 3530 in
729 3477 819 3530 der
850 3477 1122 3544 Hoffnung,
1157 3478 1270 3531 dass
1306 3494 1361 3531 er
1395 3494 1453 3532 es

428 3561 526 3597 uns
563 3547 697 3599 einst
729 3545 875 3599 Dank
912 3548 1103 3598 wissen
1137 3547 1283 3599 wird.

501 3616 580 3667 10.
613 3614 720 3666 Cat.
748 3619 995 3680 gestattet
1018 3614 1125 3667 sich
1150 3615 1201 3666 in
1228 3615 1318 3667 der
1340 3614 1455 3667 Dii-

429 3694 544 3732 rese
555 3680 645 3733 des
656 3680 885 3735 Pentam.
898 3683 1031 3735 oster
1041 3683 1242 3744 Hiatus;
1257 3698 1296 3736 s.
1309 3685 1393 3748 99,
1405 3686 1452 3737 8.

505 3750 583 3800 11.
631 3747 685 3800 S.
722 3749 814 3802 Ov.
851 3758 974 3802 met·-
1011 3753 1060 3815 9,
1097 3753 1197 3804 746
1217 3766 1290 3806 S.:
1327 3753 1451 3818 quin

433 3816 654 3868 animum
673 3815 844 3869 firmas
864 3824 1017 3886 teque
1040 3820 1152 3886 ipsa
1177 3819 1453 3885 recolligis,

1552 2118 1691 2187 Iphi,
1736 2116 2042 2185 consiliique
2076 2115 2259 2184 inopes
2295 2118 2349 2167 et
2389 2113 2582 2167 stultos

1554 2187 1751 2240 excutis
1768 2187 1915 2252 ignes
1925 2188 1952 2235 ⁶?
1964 2214 2029 2223 -—
2041 2188 2221 2236 animo
2241 2185 2353 2247 offi]
2368 2183 2580 2237 intrans.

1551 2280 1622 2302 =
1644 2255 1753 2307 sich
1777 2255 1830 2305 in
1856 2254 2049 2306 seinem
2073 2252 2259 2306 Gemut
2289 2251 2580 2304 verhiirten.

1553 2351 1621 2362 —
1672 2321 1768 2374 Mit
1816 2328 1976 2387 atque
2027 2322 2241 2387 beginnt
2292 2320 2377 2372 ein
2420 2334 2582 2371 neuer

1555 2391 1692 2456 San,
1727 2391 1816 2443 der
1843 2390 2002 2441 durch
2038 2406 2140 2455 quo
2165 2426 2180 2440 .
2199 2426 2213 2442 .
2234 2426 2248 2442 .
2273 2393 2324 2439 et
2356 2389 2409 2441 in
2446 2388 2580 2439 zwei

1553 2458 1700 2512 'I'eile
1746 2458 2052 2525 zergliedert
2098 2457 2225 2509 wird
2268 2458 2421 2522 (καὶ.
2442 2493 2457 2509 .
2477 2493 2492 2508 .
2517 2474 2582 2511 τε

1554 2564 1569 2580 .
1595 2564 1610 2579 .
1641 2564 1656 2579 .
1690 2527 1822 2589 καί).
1876 2554 1946 2565 --·
1996 2527 2174 2589 istinc]
2227 2540 2333 2577 von
2384 2524 2581 2577 diesem

1555 2593 1940 2647 verderhlichen
1974 2593 2282 2645 Verbaltnis.

1625 2665 1706 2717 12.
1761 2663 1844 2714 dis
1890 2662 2092 2727 invitis]
2139 2657 2224 2713 ‘da
2269 2660 2353 2712 die
2399 2661 2584 2714 Gotter

1555 2731 1729 2783 deiner
1761 2731 1917 2783 Liebe
1953 2731 2093 2782 nicht
2126 2731 2336 2796 gunstig
2368 2725 2519 2782 sind'.

1627 2801 1706 2853 13.
1741 2799 1837 2850 Ein
1854 2796 2120 2862 Einwand,
2145 2797 2245 2849 den
2264 2798 2354 2850 der
2370 2798 2582 2851 Dichter

1557 2868 1667 2919 sich
1702 2867 1867 2919 selbst
1895 2866 2092 2920 erhebt.
2127 2894 2194 2904 —
2218 2865 2445 2919 Beachte
2479 2866 2580 2919 den

1557 2935 1843 3001 Gegensatz
1896 2933 2156 2986 zwischen
2204 2934 2425 3000 longum
2473 2934 2583 2987 und

1555 3006 1748 3054 subito,

1629 3075 1708 3125 14.
1744 3069 1975 3133 difficile
1998 3074 2097 3134 est]
2122 3085 2164 3121 s.
2189 3085 2233 3121 z.
2257 3067 2345 3124 Nr.
2370 3068 2502 3134 XVI,
2528 3073 2577 3123 8.

1629 3142 1707 3192 18.
1779 3140 2038 3201 extremo]
2090 3138 2304 3200 zuletzt3
2358 3153 2400 3192 s.
2446 3138 2577 3206 Nep.

1557 3207 1700 3262 Ham.
1738 3210 1785 3271 2,
1822 3209 1869 3258 3.

1624 3278 1708 3328 20.
1752 3279 1948 3341 pestem
1976 3276 2393 3341 perniciemque]
2442 3275 2580 3326 allit-

1557 3343 1836 3406 terierend‚
1882 3343 1984 3394 wie
2028 3341 2107 3395 oft
2148 3343 2201 3393 in
2248 3343 2581 3411 sprichwt‘irt-

1553 3411 1724 3462 lichen
1749 3409 2001 3474 Formeln,
2029 3425 2088 3463 so
2112 3409 2297 3463 leniter
2320 3414 2372 3463 et
2394 3411 2582 3464 leviter

1557 3494 1602 3531 c.
1628 3481 1711 3542 84,
1734 3482 1794 3540 83
1829 3478 1991 3530 multa
2026 3478 2164 3529 milia
2190 3494 2242 3531 u.
2267 3494 2314 3531 a.
2351 3480 2491 3533 serus
2525 3487 2583 3533 et

1558 3547 1775 3599 ferreus:
1797 3545 1911 3599 Tib.
1922 3545 2008 3599 Nr.
2020 3545 2076 3610 II,
2088 3548 2128 3612 „2
2144 3565 2158 3607 ;
2176 3547 2307 3600 bene
2327 3562 2389 3599 ac
2401 3549 2581 3600 beate:

1556 3615 1668 3668 Cat.
1703 3614 1790 3666 Nr.
1816 3614 1898 3679 Vl,
1935 3618 2015 3668 10.
2074 3615 2294 3667 Ahnlich
2329 3616 2400 3668 im
2424 3616 2585 3668 Deut-

1556 3684 1740 3803 Ιειςλκειιε
1777 3682 1931 3735 Manu
1967 3681 2068 3735 und
2098 3681 2261 3748 MauS,
2298 3682 2437 3737 Thur
2471 3684 2583 3736 und

1602 3752 1694 3802 hor
1728 3767 1778 3802 u.
1803 3765 1849 3803 a.

1632 3820 1713 3871 22.
1725 3819 1979 3882 laetitias]
1990 3817 2269 3886 Regungen
2280 3817 2369 3870 der
2376 3817 2577 3872 Frende
