2850 4350
1031 168 1234 242 ovmu,
1261 168 1326 221 1x
1362 171 1512 237 (trist.
1548 170 1583 234 1,
1611 172 1661 235 2)

2292 170 2411 231 241

228 412 233 417 .
270 341 493 402 Rector
535 341 598 401 in
643 341 874 402 incerto
921 350 1039 415 est,
1088 360 1199 403 nec
1244 342 1385 421 quid
1430 342 1680 423 fugiatve
1725 354 1954 423 petatve

357 426 618 502 Invenit;
664 426 953 507 ambiguis
998 446 1092 489 ars
1134 435 1334 507 stupet
1376 428 1502 507 ipsa
1546 429 1732 491 malis.

271 510 511 572 Scilicet
554 512 905 585 occidimus,
954 531 1068 573 nec
1110 532 1247 592 spes
1290 522 1378 575 est
1419 513 1538 573 ulla
1583 514 1818 588 salutiS,

358 596 628 676 Dumque
672 597 915 676 loquor,
960 598 1155 659 vultus
1199 598 1399 659 obruit
1444 597 1600 659 unda
1645 618 1825 661 meos.

270 681 582 760 Opprimet
625 682 780 743 hanc
825 682 1076 743 animam
1121 683 1367 756 fluctus,
1413 683 1752 764 frustraque
1796 684 2062 765 precanti
2359 694 2417 743 85

359 764 477 827 Ore
526 776 835 828 necaturas
878 768 1238 846 accipiemus
1276 787 1475 847 aquae.
2176 790 2197 808 ·

270 849 347 909 At
388 851 485 929 pia
528 851 612 912 nil
655 852 811 913 aliud
855 870 1030 930 quam
1075 870 1169 913 me
1215 854 1373 916 dolet
1415 853 1584 914 exule
1628 853 1922 914 coniunx:

360 935 487 997 Hoc
532 955 719 998 unum
766 937 955 998 nostri
999 938 1227 1016 scitque
1271 939 1568 1017 gemitque
1611 938 1765 998 mali.

270 1018 472 1082 Nescit
515 1021 573 1082 in
619 1022 892 1083 inmenso
938 1022 1140 1083 iactari
1186 1042 1434 1102 corpora
1478 1033 1697 1103 pont0,

357 1105 557 1167 Nescit
599 1107 691 1187 agi
737 1107 959 1181 ventis,
1006 1107 1194 1169 nescit
1235 1109 1437 1169 adesse
1484 1127 1709 1169 necem.
2359 1118 2418 1168 40

271 1190 322 1250 Ο
369 1190 555 1266 bene,
600 1192 758 1271 quod
804 1211 926 1253 non
975 1211 1108 1254 sum
1150 1211 1382 1254 mecum
1426 1194 1826 1255 conscendere
1871 1211 2109 1273 passuS,

359 1276 444 1336 Ne
488 1276 630 1352 mihi
675 1295 836 1338 mors
883 1277 1095 1339 misero
1140 1277 1231 1339 bis
1275 1278 1545 1357 patienda
1591 1279 1773 1341 foret!

271 1359 348 1420 At
392 1379 588 1435 nunc,
631 1371 698 1423 ut
742 1380 1008 1441 peream,
1056 1365 1336 1442 quoniam
1381 1372 1543 1424 caret
1585 1363 1678 1423 illa
1725 1363 1977 1443 periclo,

359 1446 605 1508 Dimidia
650 1457 810 1508 certe
853 1455 1020 1527 parte
1062 1458 1364 1526 superstes
1407 1466 1529 1509 ero.

272 1528 342 1590 Ei
387 1531 564 1593 mihil
624 1551 796 1611 quam
844 1532 1022 1593 celeri
1067 1533 1404 1595 micuerunt
1450 1532 1647 1594 nubila
1696 1533 1955 1593 flammai
2360 1542 2417 1591 45

358 1615 629 1687 Quantus
670 1617 743 1677 ab
789 1617 1050 1678 aetherio
1095 1627 1375 1698 personat
1418 1637 1525 1678 axe
1571 1617 1796 1696 fragori

270 1699 394 1761 Nec
438 1702 621 1763 levius
664 1701 896 1763 tabulae
939 1703 1186 1764 laterum
1232 1704 1528 1764 feriuntur
1572 1702 1645 1763 ab
1692 1702 1891 1774 undiS,

358 1785 547 1856 Quam
592 1805 765 1865 grave
810 1787 1072 1849 ballistae
1114 1789 1348 1849 moenia
1393 1789 1588 1867 pulsat
1633 1806 1803 1848 onus.

265 1869 389 1941 Qui
434 1873 591 1932 v‘enit
633 1872 729 1933 hic
772 1873 1018 1947 fluctus,
1063 1873 1280 1935 fluctus
1324 1873 1729 1953 supereminet
1772 1887 2010 1943 omnes3

358 1956 657 2017 Posterior
702 1977 864 2018 nono
910 1968 1024 2029 est,
1070 1959 1504 2038 undecimoque
1549 1958 1734 2037 prior.
2018 2017 2025 2027 ,
2361 1964 2418 2012 50

268 2040 392 2103 Nec
437 2042 618 2103 letum
666 2044 874 2119 timeo;
922 2062 1111 2122 genus
1155 2053 1244 2105 est
1286 2043 1617 2106 miserabile
1662 2042 1782 2103 leti.

359 2127 584 2189 Demite
632 2129 1036 2209 naufragium,
1081 2147 1243 2192 mors
1286 2129 1430 2191 mihi
1475 2146 1695 2191 munus
1740 2127 1868 2189 erit.

271 2210 379 2270 Est
422 2212 673 2290 aliquid,
717 2215 907 2274 fatove
952 2233 1059 2275 suo
1106 2217 1331 2276 ferrove
1376 2215 1683 2276 cadentem

357 2295 426 2355 In
474 2296 659 2356 solida
704 2300 964 2360 moriens
1008 2318 1233 2378 ponere
1279 2319 1496 2380 corpus
1541 2300 1752 2373 humo,

337 2414 421 2464 31.
454 2415 650 2474 rector]
687 2412 849 2464 naviS.

338 2482 422 2532 32.
460 2482 596 2530 amb.
631 2481 775 2542 mal]
814 2480 914 2532 abl.
952 2481 1059 2532 abs,

301 2591 314 2601 .
339 2551 465 2600 37-
476 2540 579 2600 44.‘
590 2547 680 2600 Die
689 2546 945 2614 Meinigeu
958 2549 1123 2600 ahnen
1138 2549 1290 2612 nicht,

268 2616 471 2668 welche
508 2616 697 2668 Gefahr
732 2617 866 2668 mich
907 2609 1156 2668 bedroht.'

339 2679 421 2736 37.
458 2686 602 2735 nihil
632 2686 786 2737 aliud
818 2701 977 2750 quam
1015 2686 1176 2749 dolet]
1213 2685 1293 2736 ffir

266 2754 410 2804 nihil
446 2753 600 2804 aliud
631 2751 772 2813 facit
806 2752 929 2804 oder
961 2755 1084 2818 agit
1106 2769 1290 2818 quamg

269 2837 312 2874 e.
334 2821 464 2887 Nep.
491 2825 585 2886 Ag.
614 2823 661 2885 2,
686 2825 740 2881 4;
779 2821 879 2873 Cic.
907 2838 954 2887 p.
982 2821 1131 2873 Arch.
1158 2824 1206 2885 4,
1232 2823 1290 2880 8ς

268 2906 319 2957 p.
359 2888 490 2943 Sest.
529 2892 577 2954 6,
606 2893 669 2942 14
703 2907 752 2941 u.
791 2889 948 2949 often
988 2887 1160 2955 haufig
1195 2890 1293 2940 seit

269 2957 459 3009 Livius,
522 2958 664 3008 nihil
695 2958 848 3009 aliud
882 2973 1043 3022 quam
1077 2982 1143 3002 ιε
1182 2973 1290 3010 nus.

340 3029 422 3076 41.
452 3041 482 3075 o
512 3028 657 3089 bene]
683 3032 779 3077 est.
805 3055 868 3062 —
896 3026 947 3076 S.
974 3024 1059 3076 Nr.
1088 3025 1147 3090 X,
1175 3027 1233 3078 81
1249 3041 1289 3077 s,

338 3094 422 3144 43.
459 3097 539 3156 ut]
577 3108 803 3145 concess

340 3163 422 3213 44.
460 3159 529 3211 So
567 3168 726 3211 neunt.
761 3159 922 3212 Horaz
961 3163 1026 3221 (c.
1064 3161 1110 3222 1,
1148 3162 1204 3225 3,
1241 3162 1290 3225 8)

220 3265 232 3279 .
268 3228 449 3281 seinen
475 3228 673 3279 Freund
700 3227 858 3293 virgil
895 3231 1106 3279 animae
1135 3230 1291 3280 dimi-

264 3298 421 3349 dium
457 3312 627 3355 mean
665 3310 706 3349 s,
743 3295 828 3348 Nr.
864 3296 899 3359 1,
939 3299 1019 3349 32.

340 3368 508 3417 45-’7
514 3368 561 3417 4.
596 3357 729 3415 ‘Wie
755 3364 1068 3417 schrecklich
1107 3366 1177 3417 ist
1202 3364 1292 3417 der

263 3432 376 3484 Tod
415 3433 506 3484 des
535 3431 993 3497 Schiffbriichigen‚
1029 3434 1117 3485 der
1151 3434 1292 3484 nicht

263 3501 352 3553 die
378 3500 522 3553 Ruhe
547 3501 638 3552 des
663 3500 855 3552 Grabes
890 3499 1067 3554 findet.
1119 3500 1293 3553 Rettet

268 3570 434 3634 mich,
469 3569 549 3621 ihr
584 3569 789 3631 Gotter,
826 3585 909 3620 um
948 3569 1036 3620 der
1072 3569 1288 3621 anderen

268 3637 463 3701 willen,
499 3637 580 3689 die
604 3638 696 3688 mit
720 3637 814 3688 mir
849 3637 939 3688 auf
960 3638 1074 3688 dem
1102 3636 1290 3688 Schifl'e

262 3704 403 3758 sind.
467 3704 661 3758 Wollte
697 3705 826 3758 doch
865 3705 995 3757 auch
1031 3707 1290 3771 Augustus

267 3773 413 3825 nicht
464 3775 665 3826 meinen
718 3773 858 3833 Tod,
918 3774 1137 3825 sondern
1201 3788 1291 3824 nur

261 3840 438 3893 meine
479 3835 850 3907 verbannung?

376 3930 505 3974 Rom.
535 3930 753 3987 Elegiker,
783 3934 822 3976 3.
856 3934 972 3977 Auss.

1463 2419 1545 2468 46.
1599 2419 1725 2478 axe]
1772 2410 2130 2478 ursprfinglich
2183 2409 2265 2461 die
2316 2424 2416 2460 von

1393 2485 1561 2536 einem
1596 2482 1722 2534 Pole
1757 2496 1873 2532 zum
1907 2480 2098 2531 andern
2142 2477 2299 2528 durch
2335 2476 2416 2528 die

1394 2550 1541 2603 Mitte
1577 2551 1667 2601 der
1697 2548 1828 2599 Erde
1864 2548 2114 2613 gedachte
2137 2544 2294 2607 Linie,
2330 2559 2416 2596 um

1394 2618 1478 2670 die
1519 2618 1630 2669 sich
1677 2617 1761 2668 die
1795 2613 2195 2679 Himmelskugel
2243 2612 2417 2673 dreht;

1396 2686 1531 2737 daun
1568 2686 1651 2738 bei
1689 2683 1923 2735 Dichtern
1964 2682 2040 2734 oft
2074 2703 2140 2724 ==
2175 2680 2415 2741 Himmel;

1396 2756 1588 2805 ebenso
1638 2753 1776 2805 steht
1805 2752 1921 2817 poli
1968 2750 2071 2816 (die
2107 2748 2280 2800 Enden
2329 2750 2418 2800 dei·

1399 2821 1757 2884 Himmelsaxe)
1782 2820 1904 2872 oder
1918 2819 2075 2885 polus
2097 2817 2177 2868 fur
2195 2817 2415 2868 caelum.

1397 2919 1463 2927 —
1484 2889 1601 2956 Vgl.
1628 2889 1662 2941 f.
1690 2891 1738 2951 3,
1764 2889 1891 2940 368:
1918 2892 1970 2938 et
1992 2885 2163 2952 gravis
2188 2885 2416 2937 aetherio

1397 2959 1541 3009 venit
1576 2958 1639 3009 ab
1675 2972 1769 3008 axe
1807 2956 1989 3021 fragor.

1466 3045 1528 3094 47
1552 3058 1592 3093 s,
1641 3041 1693 3093 S.
1730 3047 1849 3092 met..
1879 3043 1958 3103 11,
1984 3041 2083 3092 508
2104 3054 2145 3090 S.

1466 3130 1548 3179 50.
1595 3125 1735 3179 Nach
1772 3126 1888 3177 dem
1923 3123 2281 3190 Aberglauben
2328 3123 2417 3177 der

1396 3195 1548 3246 Alten
1567 3210 1672 3246 war
1683 3193 1938 3259 jedesmal
1957 3191 2040 3245 die
2052 3191 2235 3244 zehnte
2248 3190 2415 3243 Welle

1392 3265 1608 3325 (fluctus
1633 3263 1976 3323 decumanus)
2011 3259 2210 3313 stili-ker
2232 3259 2311 3312 als
2334 3260 2415 3311 die

1394 3331 1610 3398 iibrigen
1648 3333 1786 3395 (met.
1827 3334 1907 3391 11,
1931 3330 2033 3381 529
2053 3331 2141 3393 S.);
2188 3330 2416 3383 δεκακυ-

1393 3400 1495 3467 μία
1533 3400 1698 3450 neben
1733 3398 2009 3468 τρικυμία.

1464 3488 1544 3537 51.
1583 3482 1805 3535 Beaehte
1841 3482 1940 3534 den
1970 3481 2256 3547 Gegensatz
2292 3482 2414 3535 zwi-

1393 3553 1549 3603 schen
1578 3552 1741 3602 letum
1775 3550 1876 3604 und
1896 3566 2069 3616 genus
2095 3550 2211 3601 leti!
2237 3579 2296 3589 -
2319 3552 2416 3612 est]

1394 3620 1533 3687 quod
1570 3620 1740 3671 timeo.

1464 3706 1544 3756 52.
1584 3703 1635 3755 S.
1674 3720 1717 3755 z.
1754 3703 1838 3755 Nr.
1871 3702 1991 3767 Vlll,
2015 3706 2095 3756 47.

1465 3773 1546 3824 53.
1585 3776 1661 3822 est
1695 3772 1918 3837 aliquid]
1955 3786 1997 3822 s.
2035 3787 2078 3822 z.
2115 3770 2200 3821 Nr.
2236 3769 2272 3833 1,
2311 3773 2356 3821 7.

1451 3842 1546 3893 54.
1582 3840 1776 3902 solida]
1815 3856 1854 3892 S.
1892 3834 2043 3905 Verg.
2082 3839 2140 3888 A.
2179 3840 2226 3902 9,
2264 3839 2380 3891 214.

2047 3924 2108 3976 16
