2850 4350
724 133 999 188 cuum
1031 135 1145 188 xvl
1180 138 1268 203 (8).
1303 136 1441 191 xvu
1474 140 1597 206 (85).
1635 139 1790 193 xvm
1823 145 1930 209 (τε)
2315 145 2396 204 35

222 301 484 364 Fulsere
528 323 668 366 vere
714 305 948 367 candidi
992 307 1098 368 tibi
1144 308 1319 370 soles.

223 387 410 448 Nunc
458 388 576 449 iam
623 389 719 451 illa
767 410 888 452 non
933 392 1088 453 vult:
1133 401 1195 453 tu
1243 412 1518 473 quoque,
1565 395 1879 476 inpotens,
1927 400 2082 475 noli,

226 472 362 534 Nec
409 492 564 552 quae
608 476 761 555 fugit
805 484 1062 552 sectare,
1108 496 1221 539 nec
1266 479 1449 541 miser
1492 480 1645 555 vive,
2337 499 2396 552 10

227 557 351 619 Sed
401 559 699 622 obstinata
743 569 944 622 mente
987 563 1218 642 perfer,
1265 563 1512 626 obdura.

225 642 413 718 Vale,
457 645 673 725 puella.
763 646 879 707 iam
923 647 1184 708 Catullus
1229 647 1512 723 obdurat,

225 728 360 790 Nec
404 736 466 790 te
510 731 779 809 requiret
823 750 935 793 nec
976 732 1210 812 rogabit
1252 733 1522 795 invitam:

226 815 306 874 At
352 822 421 874 tu
468 814 728 892 dolebis,
774 834 912 878 cum
957 816 1266 896 rogaberis
1311 819 1491 880 nulla.

228 897 531 974 Scelesta,
578 918 679 961 vae
723 902 816 962 tei
863 919 1013 981 quae
1058 901 1166 963 tibi
1209 911 1410 964 manet
1453 903 1598 965 vital
2338 919 2394 972 15

229 982 384 1054 Quis
430 1003 600 1047 nunc
641 996 701 1047 te
746 984 973 1048 adibit?
1020 987 1114 1049 cui
1160 986 1451 1050 videberis
1495 985 1693 1049 bella?

228 1067 432 1139 Quem
482 1089 645 1132 nunc
689 1069 962 1133 amabis?
1008 1072 1179 1133 cuius
1222 1091 1351 1134 esse
1394 1070 1653 1135 diceris?

226 1153 429 1226 Quem
475 1153 775 1218 basiabis?
820 1157 916 1218 cui
960 1157 1166 1218 labella
1211 1156 1557 1220 mordebis?

222 1240 304 1301 At
351 1248 452 1315 tu,
500 1240 760 1316 Catulle,
804 1242 1130 1303 destinatus
1174 1243 1424 1304 obdura.

1022 1428 1125 1489 Nr.
1155 1426 1314 1488 xvu
1358 1430 1435 1504 (ο.
1467 1429 1594 1507 85).

226 1545 344 1606 Odi
391 1554 454 1606 et
495 1562 648 1605 amo.
740 1563 923 1624 quare
968 1546 1024 1606 id
1069 1546 1278 1607 faciam
1301 1591 1320 1620 ,
1365 1548 1611 1609 fortasse
1654 1548 1927 1628 requiris.

312 1630 565 1706 Nescio,
610 1630 714 1692 sed
758 1631 888 1692 fieri
931 1632 1123 1694 sentio
1169 1639 1230 1692 et
1274 1632 1604 1693 excrucior.

1002 1818 1106 1879 Nr.
1135 1817 1320 1878 XVIII
1365 1821 1446 1895 (c.
1480 1821 1604 1897 76).

224 1934 414 2010 Siqua
460 1936 798 1996 recordanti
840 1935 1150 1998 benefacta
1194 1937 1397 2017 priora
1440 1939 1711 2018 voluptas

311 2020 421 2081 Est
462 2020 723 2095 homini,
771 2039 908 2082 cum
951 2040 1017 2084 se
1061 2023 1282 2101 cogitat
1325 2041 1454 2084 esse
1496 2024 1697 2104 pium,

223 2169 449 2235 Person,
485 2170 731 2224 wahrend
765 2186 821 2224 er
854 2171 1040 2225 vorher
1072 2172 1126 2226 in
1163 2172 1254 2226 der

224 2239 448 2292 zweiten
482 2238 676 2292 Person
713 2255 777 2292 zu
814 2240 923 2293 sich
960 2243 1159 2308 sprach.

294 2310 343 2361 8.
395 2307 498 2359 Zur
549 2307 887 2375 Bestfitigung
944 2309 1251 2361 wiederholt

224 2375 390 2427 Gatull
416 2375 500 2427 die
524 2376 762 2428 friiheren
778 2376 956 2429 Worte
972 2392 1023 2429 V.
1044 2379 1099 2438 3;
1128 2378 1253 2430 iiliu-

222 2444 326 2496 lich
361 2442 451 2495 Nr.
476 2443 649 2511 XVIII,
686 2445 746 2497 13
767 2460 832 2506 S.;
870 2460 913 2497 c.
940 2447 1021 2511 80,
1047 2448 1078 2498 5
1115 2462 1164 2498 u.
1192 2450 1250 2499 7:

223 2512 401 2564 nescio
426 2510 551 2579 qnid
575 2517 715 2564 certe
740 2518 845 2565 est:
880 2513 955 2564 sic
979 2518 1246 2580 certe„est;

222 2596 266 2634 c.
286 2581 371 2644 38,
395 2584 422 2634 1
440 2595 506 2631 sa
533 2580 665 2632 male
685 2584 790 2632 est:
814 2581 949 2633 male
973 2585 1068 2633 est.
1111 2582 1251 2633 Abn-

222 2647 325 2700 lich
360 2648 447 2699 bei
482 2648 709 2714 Fragen;
757 2663 799 2701 s,
834 2648 921 2701 Nr.
946 2648 1009 2711 V,
1044 2652 1075 2702 3
1112 2666 1164 2702 u.
1201 2654 1249 2703 5.

290 2718 340 2768 9.
375 2720 540 2780 nunc]
575 2717 647 2769 ist
681 2715 797 2769 dem
832 2717 1090 2784 quondam
1131 2733 1181 2772 v.
1218 2719 1250 2769 3

224 2787 696 2851 entgegengesetzt.
739 2784 893 2837 Verb.
917 2785 1018 2837 iam
1044 2801 1163 2838 non.
1183 2814 1249 2824 -

222 2855 492 2918 inpotem]
529 2866 574 2907 e.
607 2869 651 2904 z.
688 2851 774 2905 Nr.
810 2852 889 2918 III,
929 2856 1008 2906 18.

294 2924 373 2973 10.
422 2924 575 2986 quae]
626 2920 744 2973 sem.
788 2922 919 2988 sing.
955 2951 1022 2961 -—
1068 2924 1246 2985 miser]

221 2988 341 3041 weil
378 2989 555 3040 vivere
693 3003 826 3041 esse.

290 3059 371 3111 11.
394 3055 599 3123 perfer,
633 3058 860 3120 obdura]
896 3072 938 3110 S.
959 3072 1002 3109 z.
1025 3054 1111 3109 Nr.
1129 3056 1165 3119 I,
1192 3061 1243 3118 13

223 3140 265 3177 c.
302 3127 384 3188 55,
426 3127 488 3178 15
507 3139 576 3176 e.:
612 3124 695 3176 dic
730 3125 895 3190 nobis,
932 3123 1025 3176 ede
1061 3123 1246 3177 audac-

222 3197 311 3258 ter,
337 3193 620 3258 committe,
645 3193 794 3244 crede
816 3192 945 3254 luci3
973 3208 1017 3246 c.
1041 3195 1125 3258 42,
1153 3195 1243 3246 13:

223 3277 253 3313 o
283 3260 469 3325 lutum,
503 3261 745 3326 lupanar;
783 3276 825 3313 c.
853 3263 934 3325 54,
960 3263 1017 3313 2:
1053 3262 1246 3312 rustica

223 3328 514 3391 semilauta;
539 3327 626 3380 Nr.
650 3328 712 3392 X,
740 3331 772 3381 9
798 3346 845 3381 u.
870 3329 961 3382 oft.
1005 3328 1244 3395 Dagegen

221 3398 384 3463 perfer
418 3399 473 3449 et
508 3395 704 3450 obdura
730 3395 825 3449 Ov,
861 3411 957 3450 am.
982 3396 1060 3462 III,
1082 3400 1163 3463 11,
1187 3401 1244 3459 73

222 3480 263 3519 a.
296 3480 345 3521 a.
381 3468 431 3530 2,
469 3468 586 3519 178.

284 3537 363 3588 14.
401 3533 575 3598 nulla]
600 3535 731 3584 statt
754 3547 883 3593 non;
917 3531 1122 3584 iihnlich
1152 3532 1247 3584 ho-

223 3601 419 3654 diernus
442 3603 619 3664 venio,
644 3600 895 3653 crastinus
915 3615 995 3652 eo.
1046 3591 1244 3653 ‘nullus

219 3670 298 3722 len
370 3675 424 3723 et
470 3670 567 3723 das
604 3666 850 3735 Subjekt,
897 3667 1141 3719 wibrend
1187 3682 1244 3721 es

222 3737 308 3791 doc
368 3739 607 3791 existiert
633 3737 734 3788 und
760 3753 855 3788 nur
886 3736 977 3788 das
1004 3734 1246 3788 Priidikat

219 3808 486 3875 gelengnet
526 3803 737 3858 werden
777 3804 894 3857 soll.
961 3803 1129 3856 Daher
1174 3804 1245 3855 ist

1357 2172 1500 2227 diese
1521 2171 1820 2227 Redeweise
1839 2171 2110 2240 unlogisch
2130 2172 2232 2225 und
2251 2173 2383 2227 wird

1354 2258 1460 2294 von
1473 2243 1570 2295 den
1587 2242 1822 2309 spateren
1838 2241 2076 2295 Dichtern
2096 2242 2380 2308 gemieden.

1354 2311 1492 2362 Aber
1510 2326 1566 2364 es
1579 2311 1718 2362 lebte
1733 2310 1782 2362 in
1804 2310 1892 2362 der
1905 2309 2383 2378 Umgangssprache

1353 2374 1490 2430 sort?
1559 2378 1743 2446 Haupt.

1426 2448 1506 2499 15.
1530 2461 1628 2497 vae
1653 2461 1696 2498 c.
1717 2460 1823 2497 acc.
1841 2444 2023 2498 drfickt
2047 2445 2244 2499 Mitleid
2269 2462 2382 2513 aus,

1352 2528 1450 2565 vae
1486 2513 1580 2565 tibi
1616 2515 1686 2565 ist
1720 2514 1802 2566 ein
1841 2513 2014 2566 Flucb.
2049 2542 2117 2554 -
2154 2517 2257 2567 tibi
2288 2521 2380 2580 m.]

1349 2576 1535 2633 ‘bleibt
1569 2575 1679 2645 dir’,
1712 2576 1803 2634 ‘ist
1837 2581 1914 2632 dir
1948 2575 2290 2635 beechieden'.

1418 2641 1758 2704 XVII.‘wie
1772 2647 1921 2700 basse
1931 2647 2013 2700 ich
2025 2648 2157 2714 dich,
2169 2650 2348 2702 Lesbia
2361 2654 2375 2702 ἔ

1353 2716 1469 2769 Und
1505 2717 1636 2769 doch
1660 2715 1799 2768 kann
1823 2715 1905 2767 ich
1931 2716 2068 2768 mich
2103 2717 2245 2769 nicht
2274 2734 2378 2770 von

1352 2784 1430 2837 dir
1452 2777 1753 2837 loereil'sen.³
1815 2782 1868 2835 S.
1892 2780 2091 2834 Terenz
2114 2783 2239 2836 Eun.
2264 2784 2301 2849 I,
2329 2789 2377 2849 1,
2476 2822 2479 2825 ψ

1353 2856 1447 2906 27:
1483 2858 1536 2904 et
1560 2851 1749 2915 taedet,
1784 2856 1840 2902 et
1863 2865 2035 2903 amore
2063 2850 2243 2913 ardeo;
2282 2852 2377 2905 Ov.

1351 2936 1450 2972 am.
1474 2919 1552 2983 III,
1583 2923 1661 2984 11,
1693 2921 1788 2973 35:
1827 2919 1999 2981 odero,
2036 2919 2079 2972 si
2104 2926 2302 2986 potero,
2330 2921 2373 2973 si

1352 3004 1472 3050 non,
1507 2987 1701 3040 invitus
1737 2986 1937 3040 amabo.

1414 3054 1637 3111 xvm.
1681 3055 1773 3108 Die
1807 3055 2031 3109 Untreue
2067 3054 2157 3108 der
2191 3056 2375 3110 Lesbia

1348 3126 1543 3191 zwingt
1588 3125 1688 3176 den
1726 3123 1934 3177 Dichter
1977 3123 2209 3189 endlich,
2246 3125 2376 3190 sich,

1350 3207 1504 3245 wenn
1537 3192 1667 3246 anch
1702 3192 1795 3245 mit
1842 3193 2125 3245 schwerem
2159 3192 2374 3257 Herzen,

1348 3276 1450 3314 von
1487 3261 1568 3313 ihr
1613 3261 1966 3313 loszureissen.
2039 3260 2151 3312 Wir
2194 3261 2373 3312 sfihlen

1348 3328 1500 3381 dabei
1536 3328 1725 3394 durch,
1770 3328 1880 3381 dass
1917 3329 2000 3381 die
2035 3327 2190 3380 Liebe
2239 3332 2374 3380 trotz

1348 3396 1568 3449 alledem
1585 3396 1718 3449 noch
1738 3398 1882 3449 nicht
1897 3396 1949 3447 in
1974 3395 2077 3447 ihm
2104 3395 2373 3448 erloschen

1346 3466 1433 3517 ist.
1502 3465 1664 3517 Einen
1699 3463 1853 3517 Trost
1896 3462 2057 3515 findet
2100 3478 2156 3515 er
2189 3478 2284 3516 nur
2317 3465 2373 3516 in

1347 3532 1463 3584 dem
1488 3531 1846 3612 Bewnl’stsein,
1881 3532 1962 3583 ihr
1984 3534 2113 3583 stete
2137 3534 2249 3583 tren
2284 3547 2373 3598 ge-

1347 3614 1524 3652 wesen
1560 3615 1624 3651 zu
1660 3614 1789 3653 sein.

1416 3670 1463 3720 2.
1492 3670 1623 3733 pius
1655 3668 1723 3719 ist
1753 3692 1819 3713 -
1847 3667 1973 3732 rein,
2008 3666 2204 3720 sittlich
2234 3668 2368 3730 rein3

1347 3735 1488 3802 piare
1508 3735 1850 3855 ==dreinigen3
1885 3749 2041 3802 purus
2073 3736 2142 3788 ist
2165 3738 2372 3789 stamm-

1346 3818 1555 3856 verwan
1617 3839 1632 3855 .

1985 3887 2060 3940 3*
