<?xml version="1.0" encoding="UTF-8"?>
<!DOCTYPE html PUBLIC "-//W3C//DTD XHTML 1.0 Transitional//EN"
    "http://www.w3.org/TR/xhtml1/DTD/xhtml1-transitional.dtd">
<html xmlns="http://www.w3.org/1999/xhtml" xml:lang="en" lang="en">
 <head>
  <title>
</title>
<meta http-equiv="Content-Type" content="text/html;charset=utf-8" />
  <meta name='ocr-system' content='tesseract 3.04.00' />
  <meta name='ocr-capabilities' content='ocr_page ocr_carea ocr_par ocr_line ocrx_word'/>
</head>
<body>
  <div class='ocr_page' id='page_1' title='image "./rmischeelegiker00propgoog_0132.png"; bbox 0 0 2850 4350; ppageno 0'>
   <div class='ocr_carea' id='block_1_1' title="bbox 1060 183 1665 251">
    <p class='ocr_par' dir='ltr' id='par_1_1' title="bbox 1060 183 1665 251">
     <span class='ocr_line' id='line_1_1' title="bbox 1060 183 1665 251; baseline 0.005 -15"><span class='ocrx_word' id='word_1_1' title='bbox 1060 183 1406 238; x_wconf 78' lang='lat' dir='ltr'><strong>PROPER‘m</strong></span> <span class='ocrx_word' id='word_1_2' title='bbox 1439 184 1500 237; x_wconf 93' lang='grc' dir='ltr'><strong>ιιι</strong></span> <span class='ocrx_word' id='word_1_3' title='bbox 1536 185 1590 251; x_wconf 88' lang='grc' dir='ltr'>(ι,</span> <span class='ocrx_word' id='word_1_4' title='bbox 1620 189 1665 250; x_wconf 88' lang='lat'><strong>1)</strong></span> 
     </span>
    </p>
   </div>
   <div class='ocr_carea' id='block_1_2' title="bbox 2316 187 2439 247">
    <p class='ocr_par' dir='ltr' id='par_1_2' title="bbox 2316 187 2439 247">
     <span class='ocr_line' id='line_1_2' title="bbox 2316 187 2439 247; baseline 0.008 -1"><span class='ocrx_word' id='word_1_5' title='bbox 2316 187 2439 247; x_wconf 84' lang='lat'><strong>115</strong></span> 
     </span>
    </p>
   </div>
   <div class='ocr_carea' id='block_1_3' title="bbox 284 356 2440 1378">
    <p class='ocr_par' dir='ltr' id='par_1_3' title="bbox 284 356 2440 1378">
     <span class='ocr_line' id='line_1_3' title="bbox 372 356 2439 439; baseline 0.003 -21"><span class='ocrx_word' id='word_1_6' title='bbox 372 356 451 419; x_wconf 89' lang='lat' dir='ltr'><strong>Et</strong></span> <span class='ocrx_word' id='word_1_7' title='bbox 491 356 663 419; x_wconf 89' lang='lat' dir='ltr'><strong>labor</strong></span> <span class='ocrx_word' id='word_1_8' title='bbox 705 357 768 419; x_wconf 90' lang='lat' dir='ltr'><strong>in</strong></span> <span class='ocrx_word' id='word_1_9' title='bbox 812 357 1054 437; x_wconf 87' lang='lat' dir='ltr'><strong>magicis</strong></span> <span class='ocrx_word' id='word_1_10' title='bbox 1096 375 1260 420; x_wconf 90' lang='lat' dir='ltr'><strong>sacra</strong></span> <span class='ocrx_word' id='word_1_11' title='bbox 1303 358 1484 439; x_wconf 88' lang='lat' dir='ltr'><strong>piare·</strong></span> <span class='ocrx_word' id='word_1_12' title='bbox 1511 359 1689 434; x_wconf 80' lang='lat' dir='ltr'><strong>focis,</strong></span> <span class='ocrx_word' id='word_1_13' title='bbox 2380 373 2439 425; x_wconf 77' lang='lat'><strong>20</strong></span> 
     </span>
     <span class='ocr_line' id='line_1_4' title="bbox 287 441 1993 522; baseline 0.002 -18"><span class='ocrx_word' id='word_1_14' title='bbox 287 441 380 504; x_wconf 87' lang='lat' dir='ltr'><strong>En</strong></span> <span class='ocrx_word' id='word_1_15' title='bbox 427 444 680 522; x_wconf 82' lang='lat' dir='ltr'>agedum</span> <span class='ocrx_word' id='word_1_16' title='bbox 724 443 996 506; x_wconf 90' lang='lat' dir='ltr'><strong>dominae</strong></span> <span class='ocrx_word' id='word_1_17' title='bbox 1039 452 1302 506; x_wconf 83' lang='lat' dir='ltr'><strong>mentem</strong></span> <span class='ocrx_word' id='word_1_18' title='bbox 1347 444 1675 506; x_wconf 77' lang='lat' dir='ltr'><strong>convertite</strong></span> <span class='ocrx_word' id='word_1_19' title='bbox 1723 454 1993 520; x_wconf 89' lang='lat' dir='ltr'><strong>nostrae,</strong></span> 
     </span>
     <span class='ocr_line' id='line_1_5' title="bbox 370 527 1641 610; baseline 0.002 -21"><span class='ocrx_word' id='word_1_20' title='bbox 370 527 449 590; x_wconf 88' lang='lat' dir='ltr'><strong>Et</strong></span> <span class='ocrx_word' id='word_1_21' title='bbox 494 528 668 590; x_wconf 90' lang='lat' dir='ltr'><strong>facite</strong></span> <span class='ocrx_word' id='word_1_22' title='bbox 712 528 811 589; x_wconf 92' lang='lat' dir='ltr'><strong>illa</strong></span> <span class='ocrx_word' id='word_1_23' title='bbox 853 546 986 591; x_wconf 91' lang='lat' dir='ltr'><strong>meo</strong></span> <span class='ocrx_word' id='word_1_24' title='bbox 1032 529 1246 609; x_wconf 90' lang='lat' dir='ltr'><strong>palleat</strong></span> <span class='ocrx_word' id='word_1_25' title='bbox 1289 548 1392 591; x_wconf 90' lang='lat' dir='ltr'><strong>ore</strong></span> <span class='ocrx_word' id='word_1_26' title='bbox 1436 530 1641 610; x_wconf 83' lang='lat' dir='ltr'><strong>magis.</strong></span> 
     </span>
     <span class='ocr_line' id='line_1_6' title="bbox 286 613 1921 693; baseline 0.002 -18"><span class='ocrx_word' id='word_1_27' title='bbox 286 613 462 676; x_wconf 89' lang='lat' dir='ltr'><strong>Tunc</strong></span> <span class='ocrx_word' id='word_1_28' title='bbox 509 632 619 693; x_wconf 86' lang='lat' dir='ltr'><strong>ego</strong></span> <span class='ocrx_word' id='word_1_29' title='bbox 664 614 1015 676; x_wconf 78' lang='lat' dir='ltr'><strong>crediderim</strong></span> <span class='ocrx_word' id='word_1_30' title='bbox 1059 613 1227 676; x_wconf 83' lang='lat' dir='ltr'><strong>vobis</strong></span> <span class='ocrx_word' id='word_1_31' title='bbox 1269 623 1330 676; x_wconf 87' lang='lat' dir='ltr'><strong>et</strong></span> <span class='ocrx_word' id='word_1_32' title='bbox 1371 613 1566 677; x_wconf 89' lang='lat' dir='ltr'><strong>sidera</strong></span> <span class='ocrx_word' id='word_1_33' title='bbox 1611 624 1670 677; x_wconf 88' lang='lat' dir='ltr'><strong>et</strong></span> <span class='ocrx_word' id='word_1_34' title='bbox 1713 634 1921 678; x_wconf 89' lang='lat' dir='ltr'><strong>amnes</strong></span> 
     </span>
     <span class='ocr_line' id='line_1_7' title="bbox 375 699 1560 780; baseline 0.001 -20"><span class='ocrx_word' id='word_1_35' title='bbox 375 699 557 761; x_wconf 85' lang='lat' dir='ltr'><strong>Posse</strong></span> <span class='ocrx_word' id='word_1_36' title='bbox 602 699 876 780; x_wconf 81' lang='lat' dir='ltr'><strong>Cytaines</strong></span> <span class='ocrx_word' id='word_1_37' title='bbox 917 700 1136 762; x_wconf 89' lang='lat' dir='ltr'><strong>ducere</strong></span> <span class='ocrx_word' id='word_1_38' title='bbox 1179 700 1560 763; x_wconf 81' lang='lat' dir='ltr'><strong>carminibus.</strong></span> 
     </span>
     <span class='ocr_line' id='line_1_8' title="bbox 284 784 2437 866; baseline 0.001 -20"><span class='ocrx_word' id='word_1_39' title='bbox 284 784 364 846; x_wconf 88' lang='lat' dir='ltr'><strong>Et</strong></span> <span class='ocrx_word' id='word_1_40' title='bbox 406 803 542 860; x_wconf 87' lang='lat' dir='ltr'><strong>vos,</strong></span> <span class='ocrx_word' id='word_1_41' title='bbox 589 784 691 864; x_wconf 86' lang='lat' dir='ltr'><strong>qui</strong></span> <span class='ocrx_word' id='word_1_42' title='bbox 733 803 868 847; x_wconf 90' lang='lat' dir='ltr'><strong>sero</strong></span> <span class='ocrx_word' id='word_1_43' title='bbox 912 784 1141 866; x_wconf 90' lang='lat' dir='ltr'><strong>lapsum</strong></span> <span class='ocrx_word' id='word_1_44' title='bbox 1185 786 1500 860; x_wconf 84' lang='lat' dir='ltr'><strong>revocatis,</strong></span> <span class='ocrx_word' id='word_1_45' title='bbox 1544 787 1747 860; x_wconf 87' lang='lat' dir='ltr'><strong>amici,</strong></span> <span class='ocrx_word' id='word_1_46' title='bbox 2379 798 2437 848; x_wconf 80' lang='lat'><strong>25</strong></span> 
     </span>
     <span class='ocr_line' id='line_1_9' title="bbox 376 870 1581 952; baseline 0.001 -21"><span class='ocrx_word' id='word_1_47' title='bbox 376 870 659 942; x_wconf 82' lang='lat' dir='ltr'><strong>Quaerite</strong></span> <span class='ocrx_word' id='word_1_48' title='bbox 705 889 829 932; x_wconf 89' lang='lat' dir='ltr'><strong>non</strong></span> <span class='ocrx_word' id='word_1_49' title='bbox 875 871 1004 933; x_wconf 90' lang='lat' dir='ltr'><strong>sani</strong></span> <span class='ocrx_word' id='word_1_50' title='bbox 1047 871 1306 952; x_wconf 87' lang='lat' dir='ltr'><strong>pectoris</strong></span> <span class='ocrx_word' id='word_1_51' title='bbox 1351 871 1581 933; x_wconf 81' lang='lat' dir='ltr'><strong>auxilia.</strong></span> 
     </span>
     <span class='ocr_line' id='line_1_10' title="bbox 285 955 1880 1036; baseline 0.001 -19"><span class='ocrx_word' id='word_1_52' title='bbox 285 955 550 1018; x_wconf 88' lang='lat' dir='ltr'><strong>Fortiter</strong></span> <span class='ocrx_word' id='word_1_53' title='bbox 594 962 656 1017; x_wconf 91' lang='lat' dir='ltr'><strong>et</strong></span> <span class='ocrx_word' id='word_1_54' title='bbox 695 957 952 1030; x_wconf 90' lang='lat' dir='ltr'><strong>ferrum,</strong></span> <span class='ocrx_word' id='word_1_55' title='bbox 998 975 1201 1019; x_wconf 85' lang='lat' dir='ltr'><strong>saevos</strong></span> <span class='ocrx_word' id='word_1_56' title='bbox 1246 957 1539 1036; x_wconf 89' lang='lat' dir='ltr'><strong>patiemur</strong></span> <span class='ocrx_word' id='word_1_57' title='bbox 1584 965 1642 1018; x_wconf 89' lang='lat' dir='ltr'><strong>et</strong></span> <span class='ocrx_word' id='word_1_58' title='bbox 1682 956 1880 1036; x_wconf 77' lang='lat' dir='ltr'><strong>igneS‚</strong></span> 
     </span>
     <span class='ocr_line' id='line_1_11' title="bbox 375 1040 1702 1122; baseline 0 -19"><span class='ocrx_word' id='word_1_59' title='bbox 375 1041 465 1103; x_wconf 91' lang='lat' dir='ltr'><strong>Sit</strong></span> <span class='ocrx_word' id='word_1_60' title='bbox 507 1041 684 1103; x_wconf 93' lang='lat' dir='ltr'><strong>modo</strong></span> <span class='ocrx_word' id='word_1_61' title='bbox 730 1040 969 1104; x_wconf 86' lang='lat' dir='ltr'><strong>libertas</strong></span> <span class='ocrx_word' id='word_1_62' title='bbox 1013 1060 1164 1122; x_wconf 87' lang='lat' dir='ltr'><strong>quae</strong></span> <span class='ocrx_word' id='word_1_63' title='bbox 1207 1042 1347 1104; x_wconf 87' lang='lat' dir='ltr'><strong>velit</strong></span> <span class='ocrx_word' id='word_1_64' title='bbox 1388 1043 1479 1104; x_wconf 91' lang='lat' dir='ltr'><strong>ira</strong></span> <span class='ocrx_word' id='word_1_65' title='bbox 1520 1041 1702 1122; x_wconf 89' lang='lat' dir='ltr'><strong>loqui.</strong></span> 
     </span>
     <span class='ocr_line' id='line_1_12' title="bbox 285 1126 1915 1208; baseline 0.001 -22"><span class='ocrx_word' id='word_1_66' title='bbox 285 1126 467 1187; x_wconf 85' lang='lat' dir='ltr'><strong>Ferte</strong></span> <span class='ocrx_word' id='word_1_67' title='bbox 508 1145 620 1207; x_wconf 87' lang='lat' dir='ltr'><strong>per</strong></span> <span class='ocrx_word' id='word_1_68' title='bbox 662 1135 953 1190; x_wconf 87' lang='lat' dir='ltr'><strong>extremas</strong></span> <span class='ocrx_word' id='word_1_69' title='bbox 995 1137 1206 1207; x_wconf 85' lang='lat' dir='ltr'><strong>gentes</strong></span> <span class='ocrx_word' id='word_1_70' title='bbox 1250 1136 1310 1191; x_wconf 88' lang='lat' dir='ltr'><strong>et</strong></span> <span class='ocrx_word' id='word_1_71' title='bbox 1351 1130 1501 1190; x_wconf 79' lang='lat' dir='ltr'><strong>ferte</strong></span> <span class='ocrx_word' id='word_1_72' title='bbox 1546 1146 1656 1208; x_wconf 88' lang='lat' dir='ltr'><strong>per</strong></span> <span class='ocrx_word' id='word_1_73' title='bbox 1698 1128 1915 1200; x_wconf 81' lang='lat' dir='ltr'><strong>undaS‚</strong></span> 
     </span>
     <span class='ocr_line' id='line_1_13' title="bbox 375 1211 2440 1283; baseline -0 -10"><span class='ocrx_word' id='word_1_74' title='bbox 375 1211 507 1283; x_wconf 91' lang='lat' dir='ltr'><strong>Qua</strong></span> <span class='ocrx_word' id='word_1_75' title='bbox 550 1230 674 1273; x_wconf 90' lang='lat' dir='ltr'><strong>non</strong></span> <span class='ocrx_word' id='word_1_76' title='bbox 721 1212 838 1274; x_wconf 90' lang='lat' dir='ltr'><strong>ulla</strong></span> <span class='ocrx_word' id='word_1_77' title='bbox 880 1231 1081 1274; x_wconf 89' lang='lat' dir='ltr'><strong>meum</strong></span> <span class='ocrx_word' id='word_1_78' title='bbox 1124 1214 1342 1276; x_wconf 88' lang='lat' dir='ltr'><strong>femina</strong></span> <span class='ocrx_word' id='word_1_79' title='bbox 1388 1213 1550 1275; x_wconf 89' lang='lat' dir='ltr'><strong>norit</strong></span> <span class='ocrx_word' id='word_1_80' title='bbox 1591 1213 1718 1274; x_wconf 90' lang='lat' dir='ltr'><strong>iter.</strong></span> <span class='ocrx_word' id='word_1_81' title='bbox 2380 1222 2440 1273; x_wconf 80' lang='lat'><strong>30</strong></span> 
     </span>
     <span class='ocr_line' id='line_1_14' title="bbox 288 1297 1900 1378; baseline 0.001 -22"><span class='ocrx_word' id='word_1_82' title='bbox 288 1297 408 1359; x_wconf 91' lang='lat' dir='ltr'><strong>Vos</strong></span> <span class='ocrx_word' id='word_1_83' title='bbox 452 1306 785 1373; x_wconf 88' lang='lat' dir='ltr'><strong>remanete,</strong></span> <span class='ocrx_word' id='word_1_84' title='bbox 831 1298 1052 1378; x_wconf 89' lang='lat' dir='ltr'><strong>quihus</strong></span> <span class='ocrx_word' id='word_1_85' title='bbox 1094 1298 1247 1360; x_wconf 88' lang='lat' dir='ltr'><strong>facili</strong></span> <span class='ocrx_word' id='word_1_86' title='bbox 1291 1298 1437 1362; x_wconf 90' lang='lat' dir='ltr'><strong>deus</strong></span> <span class='ocrx_word' id='word_1_87' title='bbox 1480 1298 1687 1360; x_wconf 88' lang='lat' dir='ltr'><strong>adnuit</strong></span> <span class='ocrx_word' id='word_1_88' title='bbox 1728 1315 1900 1372; x_wconf 90' lang='lat' dir='ltr'><strong>aure,</strong></span> 
     </span>
    </p>
   </div>
   <div class='ocr_carea' id='block_1_4' title="bbox 283 1480 1320 3939">
    <p class='ocr_par' dir='ltr' id='par_1_4' title="bbox 284 1480 1319 1891">
     <span class='ocr_line' id='line_1_15' title="bbox 285 1480 1319 1535; baseline 0 -2"><span class='ocrx_word' id='word_1_89' title='bbox 285 1481 542 1534; x_wconf 86' lang='lat' dir='ltr'><strong>deducere</strong></span> <span class='ocrx_word' id='word_1_90' title='bbox 593 1482 786 1535; x_wconf 86' lang='lat' dir='ltr'><strong>lunam.</strong></span> <span class='ocrx_word' id='word_1_91' title='bbox 863 1480 1188 1534; x_wconf 87' lang='lat' dir='ltr'><strong>Namentlich</strong></span> <span class='ocrx_word' id='word_1_92' title='bbox 1236 1480 1319 1534; x_wconf 91' lang='lat' dir='ltr'><strong>die</strong></span> 
     </span>
     <span class='ocr_line' id='line_1_16' title="bbox 284 1547 1319 1604; baseline -0.001 -2"><span class='ocrx_word' id='word_1_93' title='bbox 284 1550 663 1604; x_wconf 84' lang='lat' dir='ltr'><strong>thessalischen</strong></span> <span class='ocrx_word' id='word_1_94' title='bbox 705 1549 1057 1603; x_wconf 88' lang='lat' dir='ltr'><strong>Zauberinnen</strong></span> <span class='ocrx_word' id='word_1_95' title='bbox 1105 1547 1319 1602; x_wconf 86' lang='lat' dir='ltr'><strong>standen</strong></span> 
     </span>
     <span class='ocr_line' id='line_1_17' title="bbox 284 1618 1316 1678; baseline 0.001 -8"><span class='ocrx_word' id='word_1_96' title='bbox 284 1619 342 1670; x_wconf 88' lang='lat' dir='ltr'><strong>in</strong></span> <span class='ocrx_word' id='word_1_97' title='bbox 378 1618 495 1672; x_wconf 90' lang='lat' dir='ltr'><strong>dem</strong></span> <span class='ocrx_word' id='word_1_98' title='bbox 532 1618 640 1671; x_wconf 73' lang='lat' dir='ltr'><strong>Rus</strong></span> <span class='ocrx_word' id='word_1_99' title='bbox 676 1618 787 1672; x_wconf 87' lang='lat' dir='ltr'><strong>dies</strong></span> <span class='ocrx_word' id='word_1_100' title='bbox 821 1619 949 1670; x_wconf 86' lang='lat' dir='ltr'><strong>thun</strong></span> <span class='ocrx_word' id='word_1_101' title='bbox 984 1634 1048 1671; x_wconf 87' lang='lat' dir='ltr'><strong>zu</strong></span> <span class='ocrx_word' id='word_1_102' title='bbox 1084 1618 1316 1678; x_wconf 73' lang='lat' dir='ltr'><strong>konnem</strong></span> 
     </span>
     <span class='ocr_line' id='line_1_18' title="bbox 285 1685 1316 1754; baseline -0.001 -15"><span class='ocrx_word' id='word_1_103' title='bbox 285 1703 331 1739; x_wconf 88' lang='lat' dir='ltr'><strong>s.</strong></span> <span class='ocrx_word' id='word_1_104' title='bbox 365 1685 486 1739; x_wconf 77' lang='lat' dir='ltr'><strong>Hor.</strong></span> <span class='ocrx_word' id='word_1_105' title='bbox 540 1702 622 1754; x_wconf 89' lang='lat' dir='ltr'><strong>ep.</strong></span> <span class='ocrx_word' id='word_1_106' title='bbox 671 1689 727 1751; x_wconf 82' lang='lat'><strong>5,</strong></span> <span class='ocrx_word' id='word_1_107' title='bbox 764 1690 829 1739; x_wconf 83' lang='lat'><strong>45</strong></span> <span class='ocrx_word' id='word_1_108' title='bbox 856 1702 922 1739; x_wconf 83' lang='lat' dir='ltr'><strong>s.:</strong></span> <span class='ocrx_word' id='word_1_109' title='bbox 973 1702 1106 1754; x_wconf 84' lang='lat' dir='ltr'><strong>quae</strong></span> <span class='ocrx_word' id='word_1_110' title='bbox 1151 1685 1316 1739; x_wconf 79' lang='lat' dir='ltr'><strong>sidera</strong></span> 
     </span>
     <span class='ocr_line' id='line_1_19' title="bbox 287 1753 1316 1822; baseline 0 -15"><span class='ocrx_word' id='word_1_111' title='bbox 287 1759 562 1807; x_wconf 74' lang='lat' dir='ltr'><strong>excantata</strong></span> <span class='ocrx_word' id='word_1_112' title='bbox 598 1770 728 1808; x_wconf 84' lang='lat' dir='ltr'><strong>voce</strong></span> <span class='ocrx_word' id='word_1_113' title='bbox 756 1753 1004 1807; x_wconf 82' lang='lat' dir='ltr'><strong>Thessala</strong></span> <span class='ocrx_word' id='word_1_114' title='bbox 1040 1755 1316 1822; x_wconf 86' lang='lat' dir='ltr'><strong>lunamque</strong></span> 
     </span>
     <span class='ocr_line' id='line_1_20' title="bbox 286 1822 1313 1891; baseline 0 -16"><span class='ocrx_word' id='word_1_115' title='bbox 286 1823 435 1876; x_wconf 89' lang='lat' dir='ltr'><strong>caelo</strong></span> <span class='ocrx_word' id='word_1_116' title='bbox 469 1823 675 1891; x_wconf 84' lang='lat' dir='ltr'><strong>deripit.</strong></span> <span class='ocrx_word' id='word_1_117' title='bbox 744 1822 837 1875; x_wconf 85' lang='lat' dir='ltr'><strong>Ov.</strong></span> <span class='ocrx_word' id='word_1_118' title='bbox 873 1826 995 1875; x_wconf 90' lang='lat' dir='ltr'><strong>met.</strong></span> <span class='ocrx_word' id='word_1_119' title='bbox 1034 1826 1115 1889; x_wconf 84' lang='lat'><strong>12,</strong></span> <span class='ocrx_word' id='word_1_120' title='bbox 1150 1824 1248 1877; x_wconf 83' lang='lat'><strong>263</strong></span> <span class='ocrx_word' id='word_1_121' title='bbox 1273 1838 1313 1875; x_wconf 84' lang='lat' dir='ltr'><strong>s.</strong></span> 
     </span>
    </p>

    <p class='ocr_par' dir='ltr' id='par_1_5' title="bbox 283 1892 1316 2507">
     <span class='ocr_line' id='line_1_21' title="bbox 357 1892 1312 1959; baseline -0.001 -15"><span class='ocrx_word' id='word_1_122' title='bbox 357 1894 440 1944; x_wconf 84' lang='lat'><strong>20.</strong></span> <span class='ocrx_word' id='word_1_123' title='bbox 475 1908 637 1944; x_wconf 75' lang='lat' dir='ltr'><strong>sacra</strong></span> <span class='ocrx_word' id='word_1_124' title='bbox 667 1895 841 1959; x_wconf 76' lang='lat' dir='ltr'><strong>piare]</strong></span> <span class='ocrx_word' id='word_1_125' title='bbox 865 1914 933 1935; x_wconf 85' lang='lat'><em>=</em></span> <span class='ocrx_word' id='word_1_126' title='bbox 956 1892 1144 1959; x_wconf 84' lang='lat' dir='ltr'><strong>piando</strong></span> <span class='ocrx_word' id='word_1_127' title='bbox 1169 1906 1312 1944; x_wconf 87' lang='lat' dir='ltr'><strong>sacra</strong></span> 
     </span>
     <span class='ocr_line' id='line_1_22' title="bbox 284 1960 1312 2029; baseline -0.001 -16"><span class='ocrx_word' id='word_1_128' title='bbox 284 1961 471 2014; x_wconf 81' lang='lat' dir='ltr'><strong>facere.</strong></span> <span class='ocrx_word' id='word_1_129' title='bbox 543 1961 684 2027; x_wconf 86' lang='lat' dir='ltr'><strong>piare</strong></span> <span class='ocrx_word' id='word_1_130' title='bbox 706 1983 775 2005; x_wconf 61' lang='grc' dir='ltr'>ε</span> <span class='ocrx_word' id='word_1_131' title='bbox 796 1960 1043 2027; x_wconf 71' lang='lat' dir='ltr'><strong>remigeri,</strong></span> <span class='ocrx_word' id='word_1_132' title='bbox 1078 1975 1138 2013; x_wconf 84' lang='lat' dir='ltr'><strong>so</strong></span> <span class='ocrx_word' id='word_1_133' title='bbox 1172 1960 1312 2029; x_wconf 85' lang='lat' dir='ltr'><strong>piare</strong></span> 
     </span>
     <span class='ocr_line' id='line_1_23' title="bbox 286 2027 1314 2094; baseline -0.001 -13"><span class='ocrx_word' id='word_1_134' title='bbox 286 2028 511 2082; x_wconf 81' lang='lat' dir='ltr'><strong>scelera:</strong></span> <span class='ocrx_word' id='word_1_135' title='bbox 557 2028 717 2081; x_wconf 88' lang='lat' dir='ltr'><strong>durch</strong></span> <span class='ocrx_word' id='word_1_136' title='bbox 760 2027 1049 2094; x_wconf 74' lang='lat' dir='ltr'><strong>Reiuigung</strong></span> <span class='ocrx_word' id='word_1_137' title='bbox 1094 2028 1178 2080; x_wconf 90' lang='lat' dir='ltr'><strong>die</strong></span> <span class='ocrx_word' id='word_1_138' title='bbox 1219 2027 1314 2080; x_wconf 91' lang='lat' dir='ltr'><strong>Be-</strong></span> 
     </span>
     <span class='ocr_line' id='line_1_24' title="bbox 285 2095 1315 2164; baseline -0.001 -15"><span class='ocrx_word' id='word_1_139' title='bbox 285 2097 531 2162; x_wconf 83' lang='lat' dir='ltr'><strong>fleckung</strong></span> <span class='ocrx_word' id='word_1_140' title='bbox 546 2096 731 2164; x_wconf 76' lang='lat' dir='ltr'><strong>tilgem</strong></span> <span class='ocrx_word' id='word_1_141' title='bbox 793 2097 898 2148; x_wconf 90' lang='lat' dir='ltr'><strong>iare</strong></span> <span class='ocrx_word' id='word_1_142' title='bbox 917 2095 1042 2148; x_wconf 90' lang='lat' dir='ltr'><strong>deos</strong></span> <span class='ocrx_word' id='word_1_143' title='bbox 1064 2121 1132 2142; x_wconf 58' lang='lat' dir='ltr'><strong>a</strong></span> <span class='ocrx_word' id='word_1_144' title='bbox 1157 2096 1315 2149; x_wconf 87' lang='lat' dir='ltr'><strong>durch</strong></span> 
     </span>
     <span class='ocr_line' id='line_1_25' title="bbox 287 2163 1316 2233; baseline 0.001 -15"><span class='ocrx_word' id='word_1_145' title='bbox 287 2165 581 2233; x_wconf 75' lang='lat' dir='ltr'><strong>Reinigung</strong></span> <span class='ocrx_word' id='word_1_146' title='bbox 611 2166 716 2219; x_wconf 89' lang='lat' dir='ltr'><strong>den·</strong></span> <span class='ocrx_word' id='word_1_147' title='bbox 775 2181 868 2219; x_wconf 87' lang='lat' dir='ltr'><strong>orn</strong></span> <span class='ocrx_word' id='word_1_148' title='bbox 902 2163 991 2218; x_wconf 88' lang='lat' dir='ltr'><strong>der</strong></span> <span class='ocrx_word' id='word_1_149' title='bbox 1015 2164 1195 2219; x_wconf 73' lang='lat' dir='ltr'><strong>Gotter</strong></span> <span class='ocrx_word' id='word_1_150' title='bbox 1229 2165 1316 2219; x_wconf 87' lang='lat' dir='ltr'><strong>be·</strong></span> 
     </span>
     <span class='ocr_line' id='line_1_26' title="bbox 286 2233 1315 2302; baseline -0.002 -15"><span class='ocrx_word' id='word_1_151' title='bbox 286 2234 564 2302; x_wconf 68' lang='lat' dir='ltr'><strong>sanstigen,</strong></span> <span class='ocrx_word' id='word_1_152' title='bbox 602 2234 682 2287; x_wconf 89' lang='lat' dir='ltr'><strong>die</strong></span> <span class='ocrx_word' id='word_1_153' title='bbox 708 2234 889 2287; x_wconf 76' lang='lat' dir='ltr'><strong>Gotter</strong></span> <span class='ocrx_word' id='word_1_154' title='bbox 925 2233 1172 2286; x_wconf 84' lang='lat' dir='ltr'><strong>verehren</strong></span> <span class='ocrx_word' id='word_1_155' title='bbox 1206 2237 1315 2302; x_wconf 88' lang='lat' dir='ltr'><strong>(pu-</strong></span> 
     </span>
     <span class='ocr_line' id='line_1_27' title="bbox 283 2314 680 2356; baseline 0 0"><span class='ocrx_word' id='word_1_156' title='bbox 283 2318 372 2356; x_wconf 83' lang='lat' dir='ltr'><strong>rus</strong></span> <span class='ocrx_word' id='word_1_157' title='bbox 395 2341 410 2356; x_wconf 92' lang='lat'><strong>.</strong></span> <span class='ocrx_word' id='word_1_158' title='bbox 676 2314 680 2320; x_wconf 86' lang='lat'>&#39;</span> 
     </span>
     <span class='ocr_line' id='line_1_28' title="bbox 357 2305 1315 2440; baseline -0.001 -15"><span class='ocrx_word' id='word_1_159' title='bbox 357 2305 440 2427; x_wconf 53' lang='lat'><strong>221.</strong></span> <span class='ocrx_word' id='word_1_160' title='bbox 455 2371 694 2440; x_wconf 72' lang='lat' dir='ltr'><strong>domina]</strong></span> <span class='ocrx_word' id='word_1_161' title='bbox 706 2370 788 2422; x_wconf 88' lang='lat' dir='ltr'><strong>die</strong></span> <span class='ocrx_word' id='word_1_162' title='bbox 799 2369 1047 2437; x_wconf 87' lang='lat' dir='ltr'><strong>Geliebte,</strong></span> <span class='ocrx_word' id='word_1_163' title='bbox 1068 2370 1167 2424; x_wconf 78' lang='lat' dir='ltr'><strong>wie</strong></span> <span class='ocrx_word' id='word_1_164' title='bbox 1178 2370 1315 2424; x_wconf 88' lang='lat' dir='ltr'><strong>mhd.</strong></span> 
     </span>
     <span class='ocr_line' id='line_1_29' title="bbox 286 2438 863 2507; baseline -0.002 -16"><span class='ocrx_word' id='word_1_165' title='bbox 286 2440 469 2504; x_wconf 77' lang='lat' dir='ltr'><strong>frowe,</strong></span> <span class='ocrx_word' id='word_1_166' title='bbox 503 2438 663 2507; x_wconf 71' lang='lat' dir='ltr'><strong>franz,</strong></span> <span class='ocrx_word' id='word_1_167' title='bbox 699 2439 863 2491; x_wconf 88' lang='lat' dir='ltr'><strong>dame.</strong></span> 
     </span>
    </p>

    <p class='ocr_par' dir='ltr' id='par_1_6' title="bbox 287 2505 1315 2983">
     <span class='ocr_line' id='line_1_30' title="bbox 357 2505 1314 2574; baseline -0.001 -13"><span class='ocrx_word' id='word_1_168' title='bbox 357 2511 440 2561; x_wconf 85' lang='lat'><strong>22.</strong></span> <span class='ocrx_word' id='word_1_169' title='bbox 458 2508 683 2574; x_wconf 76' lang='lat' dir='ltr'><strong>palleat]</strong></span> <span class='ocrx_word' id='word_1_170' title='bbox 737 2505 1036 2559; x_wconf 81' lang='lat' dir='ltr'><strong>alloristdie</strong></span> <span class='ocrx_word' id='word_1_171' title='bbox 1047 2506 1207 2559; x_wconf 83' lang='lat' dir='ltr'><strong>Farbe</strong></span> <span class='ocrx_word' id='word_1_172' title='bbox 1225 2506 1314 2560; x_wconf 85' lang='lat' dir='ltr'><strong>der</strong></span> 
     </span>
     <span class='ocr_line' id='line_1_31' title="bbox 287 2575 1313 2642; baseline -0.001 -14"><span class='ocrx_word' id='word_1_173' title='bbox 287 2575 603 2638; x_wconf 85' lang='lat' dir='ltr'><strong>Liebenden;</strong></span> <span class='ocrx_word' id='word_1_174' title='bbox 641 2591 683 2630; x_wconf 87' lang='lat' dir='ltr'><strong>s.</strong></span> <span class='ocrx_word' id='word_1_175' title='bbox 752 2592 858 2642; x_wconf 88' lang='lat' dir='ltr'><strong>rop.</strong></span> <span class='ocrx_word' id='word_1_176' title='bbox 884 2575 920 2640; x_wconf 89' lang='lat'><strong>1,</strong></span> <span class='ocrx_word' id='word_1_177' title='bbox 951 2579 997 2638; x_wconf 84' lang='lat'><strong>5,</strong></span> <span class='ocrx_word' id='word_1_178' title='bbox 1025 2577 1086 2628; x_wconf 84' lang='lat'><strong>21</strong></span> <span class='ocrx_word' id='word_1_179' title='bbox 1114 2590 1182 2631; x_wconf 81' lang='lat' dir='ltr'><strong>s.=</strong></span> <span class='ocrx_word' id='word_1_180' title='bbox 1219 2590 1313 2627; x_wconf 88' lang='lat' dir='ltr'><strong>nec</strong></span> 
     </span>
     <span class='ocr_line' id='line_1_32' title="bbox 288 2643 1313 2713; baseline 0.001 -18"><span class='ocrx_word' id='word_1_181' title='bbox 288 2645 390 2696; x_wconf 89' lang='lat' dir='ltr'><strong>iam</strong></span> <span class='ocrx_word' id='word_1_182' title='bbox 425 2643 673 2713; x_wconf 86' lang='lat' dir='ltr'><strong>pallorem</strong></span> <span class='ocrx_word' id='word_1_183' title='bbox 715 2644 904 2697; x_wconf 87' lang='lat' dir='ltr'><strong>totiens</strong></span> <span class='ocrx_word' id='word_1_184' title='bbox 939 2643 1187 2695; x_wconf 84' lang='lat' dir='ltr'><strong>mirabere</strong></span> <span class='ocrx_word' id='word_1_185' title='bbox 1223 2659 1313 2697; x_wconf 88' lang='lat' dir='ltr'><strong>no·</strong></span> 
     </span>
     <span class='ocr_line' id='line_1_33' title="bbox 288 2712 1313 2780; baseline 0 -15"><span class='ocrx_word' id='word_1_186' title='bbox 288 2718 483 2778; x_wconf 86' lang='lat' dir='ltr'><strong>strum,</strong></span> <span class='ocrx_word' id='word_1_187' title='bbox 529 2716 619 2764; x_wconf 86' lang='lat' dir='ltr'><strong>aut</strong></span> <span class='ocrx_word' id='word_1_188' title='bbox 662 2728 752 2764; x_wconf 89' lang='lat' dir='ltr'><strong>cur</strong></span> <span class='ocrx_word' id='word_1_189' title='bbox 799 2712 894 2764; x_wconf 89' lang='lat' dir='ltr'><strong>sim</strong></span> <span class='ocrx_word' id='word_1_190' title='bbox 942 2715 1054 2764; x_wconf 87' lang='lat' dir='ltr'><strong>toto</strong></span> <span class='ocrx_word' id='word_1_191' title='bbox 1102 2727 1313 2780; x_wconf 86' lang='lat' dir='ltr'><strong>corpore</strong></span> 
     </span>
     <span class='ocr_line' id='line_1_34' title="bbox 291 2778 1312 2848; baseline 0 -15"><span class='ocrx_word' id='word_1_192' title='bbox 291 2781 461 2834; x_wconf 78' lang='lat' dir='ltr'><strong>nullus</strong></span> <span class='ocrx_word' id='word_1_193' title='bbox 498 2796 623 2848; x_wconf 80' lang='lat' dir='ltr'><strong>ego;</strong></span> <span class='ocrx_word' id='word_1_194' title='bbox 662 2780 747 2834; x_wconf 86' lang='lat' dir='ltr'><strong>Nr.</strong></span> <span class='ocrx_word' id='word_1_195' title='bbox 785 2779 893 2844; x_wconf 86' lang='lat' dir='ltr'><strong>XX,</strong></span> <span class='ocrx_word' id='word_1_196' title='bbox 933 2783 1011 2833; x_wconf 84' lang='lat'><strong>17.</strong></span> <span class='ocrx_word' id='word_1_197' title='bbox 1055 2778 1147 2832; x_wconf 84' lang='lat' dir='ltr'><strong>Ov.</strong></span> <span class='ocrx_word' id='word_1_198' title='bbox 1184 2796 1228 2832; x_wconf 89' lang='lat' dir='ltr'><strong>a.</strong></span> <span class='ocrx_word' id='word_1_199' title='bbox 1266 2795 1312 2833; x_wconf 88' lang='lat' dir='ltr'><strong>a.</strong></span> 
     </span>
     <span class='ocr_line' id='line_1_35' title="bbox 294 2848 1315 2916; baseline 0 -15"><span class='ocrx_word' id='word_1_200' title='bbox 294 2853 339 2914; x_wconf 92' lang='lat'><strong>1,</strong></span> <span class='ocrx_word' id='word_1_201' title='bbox 373 2852 500 2903; x_wconf 79' lang='lat'><strong>729:</strong></span> <span class='ocrx_word' id='word_1_202' title='bbox 545 2848 736 2916; x_wconf 85' lang='lat' dir='ltr'><strong>palleat</strong></span> <span class='ocrx_word' id='word_1_203' title='bbox 781 2849 948 2900; x_wconf 89' lang='lat' dir='ltr'><strong>omnis</strong></span> <span class='ocrx_word' id='word_1_204' title='bbox 983 2862 1182 2910; x_wconf 85' lang='lat' dir='ltr'><strong>amans;</strong></span> <span class='ocrx_word' id='word_1_205' title='bbox 1233 2848 1315 2901; x_wconf 89' lang='lat' dir='ltr'><strong>hic</strong></span> 
     </span>
     <span class='ocr_line' id='line_1_36' title="bbox 292 2917 979 2983; baseline -0.004 -13"><span class='ocrx_word' id='word_1_206' title='bbox 292 2920 373 2970; x_wconf 82' lang='lat' dir='ltr'><strong>est</strong></span> <span class='ocrx_word' id='word_1_207' title='bbox 407 2918 552 2970; x_wconf 88' lang='lat' dir='ltr'><strong>color</strong></span> <span class='ocrx_word' id='word_1_208' title='bbox 585 2921 739 2983; x_wconf 80' lang='lat' dir='ltr'><strong>aptus</strong></span> <span class='ocrx_word' id='word_1_209' title='bbox 774 2917 979 2968; x_wconf 88' lang='lat' dir='ltr'><strong>amanti.</strong></span> 
     </span>
    </p>

    <p class='ocr_par' dir='ltr' id='par_1_7' title="bbox 290 2984 1320 3939">
     <span class='ocr_line' id='line_1_37' title="bbox 365 2984 1315 3051; baseline -0.002 -12"><span class='ocrx_word' id='word_1_210' title='bbox 365 2987 447 3039; x_wconf 82' lang='grc'><strong>23.</strong></span> <span class='ocrx_word' id='word_1_211' title='bbox 482 2987 650 3049; x_wconf 73' lang='lat' dir='ltr'><strong>vobis]</strong></span> <span class='ocrx_word' id='word_1_212' title='bbox 695 2985 808 3036; x_wconf 90' lang='lat' dir='ltr'><strong>eine</strong></span> <span class='ocrx_word' id='word_1_213' title='bbox 852 2984 935 3037; x_wconf 86' lang='lat' dir='ltr'><strong>bei</strong></span> <span class='ocrx_word' id='word_1_214' title='bbox 971 2984 1191 3051; x_wconf 88' lang='lat' dir='ltr'><strong>Properz</strong></span> <span class='ocrx_word' id='word_1_215' title='bbox 1227 2998 1315 3050; x_wconf 79' lang='lat' dir='ltr'><strong>ge-</strong></span> 
     </span>
     <span class='ocr_line' id='line_1_38' title="bbox 298 3051 1315 3107; baseline 0.001 -3"><span class='ocrx_word' id='word_1_216' title='bbox 298 3053 591 3107; x_wconf 78' lang='lat' dir='ltr'><strong>wfihnliche</strong></span> <span class='ocrx_word' id='word_1_217' title='bbox 634 3051 925 3105; x_wconf 85' lang='lat' dir='ltr'><strong>Attraktion</strong></span> <span class='ocrx_word' id='word_1_218' title='bbox 980 3051 1070 3105; x_wconf 90' lang='lat' dir='ltr'><strong>des</strong></span> <span class='ocrx_word' id='word_1_219' title='bbox 1122 3052 1315 3105; x_wconf 88' lang='lat' dir='ltr'><strong>Prono·</strong></span> 
     </span>
     <span class='ocr_line' id='line_1_39' title="bbox 292 3121 1314 3187; baseline 0 -14"><span class='ocrx_word' id='word_1_220' title='bbox 292 3137 457 3175; x_wconf 82' lang='lat' dir='ltr'><strong>mens:</strong></span> <span class='ocrx_word' id='word_1_221' title='bbox 499 3121 797 3174; x_wconf 84' lang='lat' dir='ltr'><strong>crediderim</strong></span> <span class='ocrx_word' id='word_1_222' title='bbox 828 3121 994 3185; x_wconf 85' lang='lat' dir='ltr'><strong>vobis,</strong></span> <span class='ocrx_word' id='word_1_223' title='bbox 1029 3136 1125 3173; x_wconf 79' lang='lat' dir='ltr'><strong>vos</strong></span> <span class='ocrx_word' id='word_1_224' title='bbox 1159 3135 1314 3187; x_wconf 87' lang='lat' dir='ltr'><strong>posse</strong></span> 
     </span>
     <span class='ocr_line' id='line_1_40' title="bbox 292 3188 1314 3255; baseline -0.002 -11"><span class='ocrx_word' id='word_1_225' title='bbox 292 3192 478 3244; x_wconf 89' lang='lat' dir='ltr'><strong>ducere</strong></span> <span class='ocrx_word' id='word_1_226' title='bbox 497 3190 663 3243; x_wconf 88' lang='lat' dir='ltr'><strong>sidera</strong></span> <span class='ocrx_word' id='word_1_227' title='bbox 683 3194 782 3242; x_wconf 87' lang='lat' dir='ltr'><strong>etc.</strong></span> <span class='ocrx_word' id='word_1_228' title='bbox 818 3188 1152 3255; x_wconf 81' lang='lat' dir='ltr'><strong>Dergleichen</strong></span> <span class='ocrx_word' id='word_1_229' title='bbox 1172 3190 1314 3242; x_wconf 86' lang='lat' dir='ltr'><strong>ahm-</strong></span> 
     </span>
     <span class='ocr_line' id='line_1_41' title="bbox 293 3257 1312 3311; baseline -0.001 0"><span class='ocrx_word' id='word_1_230' title='bbox 293 3265 379 3311; x_wconf 88' lang='lat' dir='ltr'><strong>ten</strong></span> <span class='ocrx_word' id='word_1_231' title='bbox 403 3259 487 3311; x_wconf 90' lang='lat' dir='ltr'><strong>die</strong></span> <span class='ocrx_word' id='word_1_232' title='bbox 510 3258 799 3311; x_wconf 71' lang='lat' dir='ltr'><strong>romischen</strong></span> <span class='ocrx_word' id='word_1_233' title='bbox 823 3257 1026 3310; x_wconf 83' lang='lat' dir='ltr'><strong>Dichter</strong></span> <span class='ocrx_word' id='word_1_234' title='bbox 1050 3258 1148 3310; x_wconf 87' lang='lat' dir='ltr'><strong>den</strong></span> <span class='ocrx_word' id='word_1_235' title='bbox 1173 3258 1312 3311; x_wconf 86' lang='lat' dir='ltr'><strong>Grie·</strong></span> 
     </span>
     <span class='ocr_line' id='line_1_42' title="bbox 301 3324 1315 3394; baseline 0 -15"><span class='ocrx_word' id='word_1_236' title='bbox 301 3328 430 3380; x_wconf 86' lang='lat' dir='ltr'><strong>chen</strong></span> <span class='ocrx_word' id='word_1_237' title='bbox 455 3326 611 3387; x_wconf 85' lang='lat' dir='ltr'><strong>nach;</strong></span> <span class='ocrx_word' id='word_1_238' title='bbox 649 3341 690 3378; x_wconf 90' lang='lat' dir='ltr'><strong>s.</strong></span> <span class='ocrx_word' id='word_1_239' title='bbox 717 3326 822 3378; x_wconf 89' lang='lat' dir='ltr'><strong>Cat.</strong></span> <span class='ocrx_word' id='word_1_240' title='bbox 848 3324 934 3377; x_wconf 90' lang='lat' dir='ltr'><strong>Nr.</strong></span> <span class='ocrx_word' id='word_1_241' title='bbox 960 3325 1044 3390; x_wconf 91' lang='lat' dir='ltr'><strong>lV,</strong></span> <span class='ocrx_word' id='word_1_242' title='bbox 1068 3329 1124 3389; x_wconf 68' lang='grc' dir='ltr'><strong>ὅς</strong></span> <span class='ocrx_word' id='word_1_243' title='bbox 1160 3326 1315 3394; x_wconf 88' lang='lat' dir='ltr'><strong>Prop.</strong></span> 
     </span>
     <span class='ocr_line' id='line_1_43' title="bbox 291 3394 1316 3463; baseline -0.003 -15"><span class='ocrx_word' id='word_1_244' title='bbox 291 3396 328 3460; x_wconf 89' lang='lat'><strong>1,</strong></span> <span class='ocrx_word' id='word_1_245' title='bbox 353 3399 401 3460; x_wconf 91' lang='lat'><strong>4,</strong></span> <span class='ocrx_word' id='word_1_246' title='bbox 428 3399 452 3449; x_wconf 92' lang='lat'>1</span> <span class='ocrx_word' id='word_1_247' title='bbox 478 3409 548 3447; x_wconf 88' lang='lat' dir='ltr'><strong>s.:</strong></span> <span class='ocrx_word' id='word_1_248' title='bbox 574 3394 696 3463; x_wconf 88' lang='lat' dir='ltr'><strong>quid</strong></span> <span class='ocrx_word' id='word_1_249' title='bbox 721 3394 845 3446; x_wconf 88' lang='lat' dir='ltr'><strong>mihi</strong></span> <span class='ocrx_word' id='word_1_250' title='bbox 871 3397 973 3445; x_wconf 86' lang='lat' dir='ltr'><strong>tam</strong></span> <span class='ocrx_word' id='word_1_251' title='bbox 998 3394 1184 3446; x_wconf 87' lang='lat' dir='ltr'><strong>multas</strong></span> <span class='ocrx_word' id='word_1_252' title='bbox 1208 3394 1316 3446; x_wconf 87' lang='lat' dir='ltr'><strong>lau·</strong></span> 
     </span>
     <span class='ocr_line' id='line_1_44' title="bbox 293 3462 1315 3528; baseline -0.003 -11"><span class='ocrx_word' id='word_1_253' title='bbox 293 3464 489 3528; x_wconf 85' lang='lat' dir='ltr'><strong>dando,</strong></span> <span class='ocrx_word' id='word_1_254' title='bbox 547 3462 736 3528; x_wconf 85' lang='lat' dir='ltr'><strong>Basse,</strong></span> <span class='ocrx_word' id='word_1_255' title='bbox 801 3462 1000 3528; x_wconf 79' lang='lat' dir='ltr'><strong>puellas</strong></span> <span class='ocrx_word' id='word_1_256' title='bbox 1069 3466 1315 3514; x_wconf 86' lang='lat' dir='ltr'><strong>mutatum</strong></span> 
     </span>
     <span class='ocr_line' id='line_1_45' title="bbox 292 3530 1315 3597; baseline -0.001 -13"><span class='ocrx_word' id='word_1_257' title='bbox 292 3532 496 3585; x_wconf 73' lang='lat' dir='ltr'><strong>domitia</strong></span> <span class='ocrx_word' id='word_1_258' title='bbox 544 3530 689 3597; x_wconf 80' lang='lat' dir='ltr'><strong>cogis</strong></span> <span class='ocrx_word' id='word_1_259' title='bbox 734 3530 873 3583; x_wconf 86' lang='lat' dir='ltr'><strong>abire</strong></span> <span class='ocrx_word' id='word_1_260' title='bbox 907 3532 1055 3582; x_wconf 76' lang='lat' dir='ltr'><strong>mea?</strong></span> <span class='ocrx_word' id='word_1_261' title='bbox 1103 3545 1186 3583; x_wconf 78' lang='lat' dir='ltr'><strong>wo</strong></span> <span class='ocrx_word' id='word_1_262' title='bbox 1222 3546 1315 3583; x_wconf 89' lang='lat' dir='ltr'><strong>aus</strong></span> 
     </span>
     <span class='ocr_line' id='line_1_46' title="bbox 291 3597 1316 3665; baseline -0.003 -13"><span class='ocrx_word' id='word_1_263' title='bbox 291 3600 416 3652; x_wconf 84' lang='lat' dir='ltr'><strong>mihi</strong></span> <span class='ocrx_word' id='word_1_264' title='bbox 440 3615 524 3650; x_wconf 81' lang='lat' dir='ltr'><strong>me</strong></span> <span class='ocrx_word' id='word_1_265' title='bbox 559 3615 625 3650; x_wconf 88' lang='lat' dir='ltr'><strong>zu</strong></span> <span class='ocrx_word' id='word_1_266' title='bbox 660 3600 910 3665; x_wconf 70' lang='lat' dir='ltr'><strong>ergfinzen</strong></span> <span class='ocrx_word' id='word_1_267' title='bbox 941 3599 1023 3652; x_wconf 84' lang='lat' dir='ltr'><strong>ist.</strong></span> <span class='ocrx_word' id='word_1_268' title='bbox 1093 3597 1238 3651; x_wconf 84' lang='lat' dir='ltr'><strong>Anch</strong></span> <span class='ocrx_word' id='word_1_269' title='bbox 1263 3599 1316 3650; x_wconf 87' lang='lat' dir='ltr'><strong>in</strong></span> 
     </span>
     <span class='ocr_line' id='line_1_47' title="bbox 290 3664 1314 3732; baseline 0.001 -12"><span class='ocrx_word' id='word_1_270' title='bbox 290 3667 450 3722; x_wconf 86' lang='lat' dir='ltr'><strong>Prosa</strong></span> <span class='ocrx_word' id='word_1_271' title='bbox 478 3666 747 3731; x_wconf 80' lang='lat' dir='ltr'><strong>zuweilen,</strong></span> <span class='ocrx_word' id='word_1_272' title='bbox 784 3667 885 3719; x_wconf 86' lang='lat' dir='ltr'><strong>wie</strong></span> <span class='ocrx_word' id='word_1_273' title='bbox 908 3664 1038 3732; x_wconf 86' lang='lat' dir='ltr'><strong>Nep.</strong></span> <span class='ocrx_word' id='word_1_274' title='bbox 1064 3665 1240 3719; x_wconf 84' lang='lat' dir='ltr'><strong>Them.</strong></span> <span class='ocrx_word' id='word_1_275' title='bbox 1266 3669 1314 3730; x_wconf 93' lang='grc'><strong>9,</strong></span> 
     </span>
     <span class='ocr_line' id='line_1_48' title="bbox 293 3734 1319 3803; baseline -0.003 -13"><span class='ocrx_word' id='word_1_276' title='bbox 293 3741 352 3791; x_wconf 86' lang='lat'><strong>4:</strong></span> <span class='ocrx_word' id='word_1_277' title='bbox 388 3740 449 3788; x_wconf 87' lang='lat' dir='ltr'><strong>ut</strong></span> <span class='ocrx_word' id='word_1_278' title='bbox 471 3751 694 3787; x_wconf 87' lang='lat' dir='ltr'><strong>annuum</strong></span> <span class='ocrx_word' id='word_1_279' title='bbox 730 3736 855 3787; x_wconf 86' lang='lat' dir='ltr'><strong>mihi</strong></span> <span class='ocrx_word' id='word_1_280' title='bbox 892 3740 1093 3803; x_wconf 86' lang='lat' dir='ltr'><strong>tempus</strong></span> <span class='ocrx_word' id='word_1_281' title='bbox 1117 3734 1208 3787; x_wconf 87' lang='lat' dir='ltr'><strong>des</strong></span> <span class='ocrx_word' id='word_1_282' title='bbox 1233 3750 1319 3787; x_wconf 91' lang='lat' dir='ltr'><strong>eo-</strong></span> 
     </span>
     <span class='ocr_line' id='line_1_49' title="bbox 295 3803 1319 3872; baseline -0.003 -15"><span class='ocrx_word' id='word_1_283' title='bbox 295 3820 394 3872; x_wconf 87' lang='lat' dir='ltr'><strong>que</strong></span> <span class='ocrx_word' id='word_1_284' title='bbox 418 3808 677 3857; x_wconf 83' lang='lat' dir='ltr'><strong>trausacto</strong></span> <span class='ocrx_word' id='word_1_285' title='bbox 714 3803 776 3855; x_wconf 88' lang='lat' dir='ltr'><strong>ad</strong></span> <span class='ocrx_word' id='word_1_286' title='bbox 813 3810 863 3857; x_wconf 91' lang='lat' dir='ltr'><strong>te</strong></span> <span class='ocrx_word' id='word_1_287' title='bbox 887 3804 1063 3856; x_wconf 83' lang='lat' dir='ltr'><strong>venire</strong></span> <span class='ocrx_word' id='word_1_288' title='bbox 1093 3803 1319 3870; x_wconf 84' lang='lat' dir='ltr'><strong>patiaris.</strong></span> 
     </span>
     <span class='ocr_line' id='line_1_50' title="bbox 295 3870 1320 3939; baseline -0.002 -14"><span class='ocrx_word' id='word_1_289' title='bbox 295 3902 358 3917; x_wconf 58' lang='grc' dir='ltr'><strong>-ν</strong></span> <span class='ocrx_word' id='word_1_290' title='bbox 385 3872 478 3926; x_wconf 88' lang='lat' dir='ltr'><strong>Ov.</strong></span> <span class='ocrx_word' id='word_1_291' title='bbox 515 3874 636 3925; x_wconf 84' lang='lat' dir='ltr'><strong>met.</strong></span> <span class='ocrx_word' id='word_1_292' title='bbox 667 3876 714 3937; x_wconf 82' lang='grc'><strong>’7,</strong></span> <span class='ocrx_word' id='word_1_293' title='bbox 745 3875 841 3926; x_wconf 83' lang='grc'><strong>199</strong></span> <span class='ocrx_word' id='word_1_294' title='bbox 861 3888 903 3925; x_wconf 84' lang='lat' dir='ltr'><strong>s.</strong></span> <span class='ocrx_word' id='word_1_295' title='bbox 939 3874 1055 3939; x_wconf 73' lang='lat' dir='ltr'><strong>sagt</strong></span> <span class='ocrx_word' id='word_1_296' title='bbox 1090 3886 1191 3924; x_wconf 84' lang='lat' dir='ltr'><strong>von</strong></span> <span class='ocrx_word' id='word_1_297' title='bbox 1228 3870 1320 3924; x_wconf 84' lang='lat' dir='ltr'><strong>der</strong></span> 
     </span>
    </p>
   </div>
   <div class='ocr_carea' id='block_1_5' title="bbox 1416 1480 2440 1889">
    <p class='ocr_par' dir='ltr' id='par_1_8' title="bbox 1416 1480 2440 1889">
     <span class='ocr_line' id='line_1_51' title="bbox 1422 1480 2440 1548; baseline 0.001 -15"><span class='ocrx_word' id='word_1_298' title='bbox 1422 1481 1625 1537; x_wconf 86' lang='lat' dir='ltr'><strong>Medea:</strong></span> <span class='ocrx_word' id='word_1_299' title='bbox 1663 1496 1779 1535; x_wconf 88' lang='lat' dir='ltr'><strong>cum</strong></span> <span class='ocrx_word' id='word_1_300' title='bbox 1803 1481 1963 1546; x_wconf 86' lang='lat' dir='ltr'><strong>volui,</strong></span> <span class='ocrx_word' id='word_1_301' title='bbox 1990 1480 2116 1548; x_wconf 83' lang='lat' dir='ltr'><strong>ripis</strong></span> <span class='ocrx_word' id='word_1_302' title='bbox 2137 1481 2440 1534; x_wconf 85' lang='lat' dir='ltr'><strong>mirantibus</strong></span> 
     </span>
     <span class='ocr_line' id='line_1_52' title="bbox 1421 1549 2438 1610; baseline 0.001 -9"><span class='ocrx_word' id='word_1_303' title='bbox 1421 1566 1597 1604; x_wconf 88' lang='lat' dir='ltr'><strong>amnes</strong></span> <span class='ocrx_word' id='word_1_304' title='bbox 1633 1550 1683 1602; x_wconf 90' lang='lat' dir='ltr'><strong>in</strong></span> <span class='ocrx_word' id='word_1_305' title='bbox 1720 1551 1891 1602; x_wconf 84' lang='lat' dir='ltr'><strong>fontes</strong></span> <span class='ocrx_word' id='word_1_306' title='bbox 1924 1549 2118 1602; x_wconf 88' lang='lat' dir='ltr'><strong>rediere</strong></span> <span class='ocrx_word' id='word_1_307' title='bbox 2151 1564 2274 1602; x_wconf 86' lang='lat' dir='ltr'><strong>suos</strong></span> <span class='ocrx_word' id='word_1_308' title='bbox 2311 1554 2438 1610; x_wconf 86' lang='lat' dir='ltr'><strong>etc.;</strong></span> 
     </span>
     <span class='ocr_line' id='line_1_53' title="bbox 1420 1617 2437 1684; baseline 0 -15"><span class='ocrx_word' id='word_1_309' title='bbox 1420 1617 1535 1672; x_wconf 88' lang='lat' dir='ltr'><strong>Tib.</strong></span> <span class='ocrx_word' id='word_1_310' title='bbox 1558 1618 1596 1683; x_wconf 92' lang='lat'><strong>1,</strong></span> <span class='ocrx_word' id='word_1_311' title='bbox 1632 1620 1679 1681; x_wconf 83' lang='lat'><strong>2,</strong></span> <span class='ocrx_word' id='word_1_312' title='bbox 1716 1621 1781 1672; x_wconf 85' lang='lat'><strong>43</strong></span> <span class='ocrx_word' id='word_1_313' title='bbox 1807 1633 1876 1670; x_wconf 80' lang='lat' dir='ltr'><strong>s.=</strong></span> <span class='ocrx_word' id='word_1_314' title='bbox 1912 1617 2043 1670; x_wconf 87' lang='lat' dir='ltr'><strong>hanc</strong></span> <span class='ocrx_word' id='word_1_315' title='bbox 2078 1632 2177 1684; x_wconf 80' lang='lat' dir='ltr'><strong>ego</strong></span> <span class='ocrx_word' id='word_1_316' title='bbox 2206 1618 2271 1670; x_wconf 91' lang='lat' dir='ltr'><strong>de</strong></span> <span class='ocrx_word' id='word_1_317' title='bbox 2294 1617 2437 1670; x_wconf 88' lang='lat' dir='ltr'><strong>caelo</strong></span> 
     </span>
     <span class='ocr_line' id='line_1_54' title="bbox 1418 1685 2437 1751; baseline -0.002 -13"><span class='ocrx_word' id='word_1_318' title='bbox 1418 1686 1690 1740; x_wconf 86' lang='lat' dir='ltr'><strong>ducentem</strong></span> <span class='ocrx_word' id='word_1_319' title='bbox 1714 1686 1879 1738; x_wconf 88' lang='lat' dir='ltr'><strong>sidera</strong></span> <span class='ocrx_word' id='word_1_320' title='bbox 1901 1686 2027 1751; x_wconf 80' lang='lat' dir='ltr'><strong>vidi,</strong></span> <span class='ocrx_word' id='word_1_321' title='bbox 2061 1685 2286 1737; x_wconf 87' lang='lat' dir='ltr'><strong>fluminis</strong></span> <span class='ocrx_word' id='word_1_322' title='bbox 2308 1686 2437 1737; x_wconf 88' lang='lat' dir='ltr'><strong>haec</strong></span> 
     </span>
     <span class='ocr_line' id='line_1_55' title="bbox 1416 1752 2435 1824; baseline 0 -17"><span class='ocrx_word' id='word_1_323' title='bbox 1416 1755 1581 1824; x_wconf 88' lang='lat' dir='ltr'><strong>rapidi</strong></span> <span class='ocrx_word' id='word_1_324' title='bbox 1633 1756 1854 1806; x_wconf 84' lang='lat' dir='ltr'><strong>carmine</strong></span> <span class='ocrx_word' id='word_1_325' title='bbox 1906 1754 2060 1805; x_wconf 82' lang='lat' dir='ltr'><strong>vertit</strong></span> <span class='ocrx_word' id='word_1_326' title='bbox 2110 1754 2229 1815; x_wconf 88' lang='lat' dir='ltr'><strong>iter;</strong></span> <span class='ocrx_word' id='word_1_327' title='bbox 2284 1752 2435 1819; x_wconf 76' lang='lat' dir='ltr'><strong>Verg.</strong></span> 
     </span>
     <span class='ocr_line' id='line_1_56' title="bbox 1416 1824 1785 1889; baseline 0 -13"><span class='ocrx_word' id='word_1_328' title='bbox 1416 1824 1476 1876; x_wconf 85' lang='grc' dir='ltr'><strong>Α.</strong></span> <span class='ocrx_word' id='word_1_329' title='bbox 1512 1826 1563 1889; x_wconf 85' lang='grc'><strong>4,</strong></span> <span class='ocrx_word' id='word_1_330' title='bbox 1598 1826 1698 1876; x_wconf 85' lang='grc'><strong>489</strong></span> <span class='ocrx_word' id='word_1_331' title='bbox 1718 1837 1785 1876; x_wconf 78' lang='lat' dir='ltr'><strong>sa.</strong></span> 
     </span>
    </p>
   </div>
   <div class='ocr_carea' id='block_1_6' title="bbox 1415 1905 2438 2383">
    <p class='ocr_par' dir='ltr' id='par_1_9' title="bbox 1415 1905 2438 2383">
     <span class='ocr_line' id='line_1_57' title="bbox 1484 1905 2438 1975; baseline -0.003 -14"><span class='ocrx_word' id='word_1_332' title='bbox 1484 1910 1564 1961; x_wconf 85' lang='lat'><strong>24.</strong></span> <span class='ocrx_word' id='word_1_333' title='bbox 1603 1907 1847 1975; x_wconf 74' lang='lat' dir='ltr'><strong>Cytaine]</strong></span> <span class='ocrx_word' id='word_1_334' title='bbox 1894 1930 1961 1950; x_wconf 89' lang='lat'>=</span> <span class='ocrx_word' id='word_1_335' title='bbox 1995 1905 2202 1970; x_wconf 87' lang='lat' dir='ltr'><strong>Medea,</strong></span> <span class='ocrx_word' id='word_1_336' title='bbox 2247 1921 2306 1958; x_wconf 90' lang='lat' dir='ltr'><strong>so</strong></span> <span class='ocrx_word' id='word_1_337' title='bbox 2352 1921 2438 1970; x_wconf 83' lang='lat' dir='ltr'><strong>ge.-</strong></span> 
     </span>
     <span class='ocr_line' id='line_1_58' title="bbox 1415 1969 2437 2039; baseline -0.001 -10"><span class='ocrx_word' id='word_1_338' title='bbox 1415 1982 1578 2029; x_wconf 87' lang='lat' dir='ltr'><strong>nannt</strong></span> <span class='ocrx_word' id='word_1_339' title='bbox 1630 1992 1731 2027; x_wconf 81' lang='lat' dir='ltr'><strong>von</strong></span> <span class='ocrx_word' id='word_1_340' title='bbox 1783 1969 2029 2039; x_wconf 81' lang='grc' dir='ltr'>Κύταια,</span> <span class='ocrx_word' id='word_1_341' title='bbox 2084 1974 2183 2026; x_wconf 85' lang='lat' dir='ltr'><strong>wie</strong></span> <span class='ocrx_word' id='word_1_342' title='bbox 2229 1973 2437 2027; x_wconf 83' lang='lat' dir='ltr'><strong>Kolchis</strong></span> 
     </span>
     <span class='ocr_line' id='line_1_59' title="bbox 1416 2042 2437 2110; baseline -0.003 -12"><span class='ocrx_word' id='word_1_343' title='bbox 1416 2045 1551 2098; x_wconf 71' lang='lat' dir='ltr'><strong>oster</strong></span> <span class='ocrx_word' id='word_1_344' title='bbox 1578 2045 1632 2096; x_wconf 89' lang='lat' dir='ltr'><strong>in</strong></span> <span class='ocrx_word' id='word_1_345' title='bbox 1666 2043 1756 2097; x_wconf 87' lang='lat' dir='ltr'><strong>der</strong></span> <span class='ocrx_word' id='word_1_346' title='bbox 1778 2044 2232 2110; x_wconf 78' lang='lat' dir='ltr'><strong>Argonautensage</strong></span> <span class='ocrx_word' id='word_1_347' title='bbox 2267 2042 2437 2095; x_wconf 77' lang='lat' dir='ltr'><strong>heirst.</strong></span> 
     </span>
     <span class='ocr_line' id='line_1_60' title="bbox 1415 2111 2438 2181; baseline -0.002 -16"><span class='ocrx_word' id='word_1_348' title='bbox 1415 2142 1485 2153; x_wconf 94' lang='lat'>-</span> <span class='ocrx_word' id='word_1_349' title='bbox 1509 2114 1719 2179; x_wconf 75' lang='lat' dir='ltr'><strong>ducere]</strong></span> <span class='ocrx_word' id='word_1_350' title='bbox 1750 2113 1932 2181; x_wconf 75' lang='lat' dir='ltr'><strong>gehort</strong></span> <span class='ocrx_word' id='word_1_351' title='bbox 1955 2111 2232 2179; x_wconf 78' lang='lat' dir='ltr'><strong>eigentlich</strong></span> <span class='ocrx_word' id='word_1_352' title='bbox 2254 2125 2351 2162; x_wconf 89' lang='lat' dir='ltr'><strong>nur</strong></span> <span class='ocrx_word' id='word_1_353' title='bbox 2373 2127 2438 2163; x_wconf 88' lang='lat' dir='ltr'><strong>zu</strong></span> 
     </span>
     <span class='ocr_line' id='line_1_61' title="bbox 1417 2181 2438 2243; baseline -0.002 -8"><span class='ocrx_word' id='word_1_354' title='bbox 1417 2181 1608 2243; x_wconf 86' lang='lat' dir='ltr'><strong>sidera;</strong></span> <span class='ocrx_word' id='word_1_355' title='bbox 1645 2196 1737 2235; x_wconf 90' lang='lat' dir='ltr'><strong>aus</strong></span> <span class='ocrx_word' id='word_1_356' title='bbox 1761 2183 1952 2235; x_wconf 89' lang='lat' dir='ltr'><strong>diesem</strong></span> <span class='ocrx_word' id='word_1_357' title='bbox 1986 2182 2171 2234; x_wconf 84' lang='lat' dir='ltr'><strong>ducere</strong></span> <span class='ocrx_word' id='word_1_358' title='bbox 2205 2204 2272 2224; x_wconf 91' lang='lat'>=</span> <span class='ocrx_word' id='word_1_359' title='bbox 2307 2181 2438 2233; x_wconf 88' lang='lat' dir='ltr'><strong>nach</strong></span> 
     </span>
     <span class='ocr_line' id='line_1_62' title="bbox 1417 2249 2437 2314; baseline 0 -12"><span class='ocrx_word' id='word_1_360' title='bbox 1417 2251 1663 2304; x_wconf 87' lang='lat' dir='ltr'><strong>Belieben</strong></span> <span class='ocrx_word' id='word_1_361' title='bbox 1696 2251 1882 2304; x_wconf 85' lang='lat' dir='ltr'><strong>lenken</strong></span> <span class='ocrx_word' id='word_1_362' title='bbox 1918 2250 2022 2303; x_wconf 89' lang='lat' dir='ltr'><strong>und</strong></span> <span class='ocrx_word' id='word_1_363' title='bbox 2055 2249 2231 2314; x_wconf 88' lang='lat' dir='ltr'><strong>leiten,</strong></span> <span class='ocrx_word' id='word_1_364' title='bbox 2271 2249 2341 2300; x_wconf 86' lang='lat' dir='ltr'><strong>ist</strong></span> <span class='ocrx_word' id='word_1_365' title='bbox 2374 2264 2437 2302; x_wconf 87' lang='lat' dir='ltr'><strong>zu</strong></span> 
     </span>
     <span class='ocr_line' id='line_1_63' title="bbox 1420 2318 2405 2383; baseline -0.003 -11"><span class='ocrx_word' id='word_1_366' title='bbox 1420 2335 1596 2373; x_wconf 87' lang='lat' dir='ltr'><strong>amnes</strong></span> <span class='ocrx_word' id='word_1_367' title='bbox 1631 2326 1767 2371; x_wconf 84' lang='lat' dir='ltr'><strong>etwa</strong></span> <span class='ocrx_word' id='word_1_368' title='bbox 1803 2325 2002 2373; x_wconf 85' lang='lat' dir='ltr'><strong>vertere</strong></span> <span class='ocrx_word' id='word_1_369' title='bbox 2036 2334 2100 2371; x_wconf 85' lang='lat' dir='ltr'><strong>zu</strong></span> <span class='ocrx_word' id='word_1_370' title='bbox 2135 2318 2405 2383; x_wconf 70' lang='lat' dir='ltr'><strong>erganzen.</strong></span> 
     </span>
    </p>
   </div>
   <div class='ocr_carea' id='block_1_7' title="bbox 1412 2396 2438 2868">
    <p class='ocr_par' dir='ltr' id='par_1_10' title="bbox 1412 2396 2438 2663">
     <span class='ocr_line' id='line_1_64' title="bbox 1487 2396 2437 2469; baseline -0.006 -10"><span class='ocrx_word' id='word_1_371' title='bbox 1487 2407 1568 2459; x_wconf 81' lang='lat'><strong>25.</strong></span> <span class='ocrx_word' id='word_1_372' title='bbox 1604 2408 1673 2468; x_wconf 76' lang='lat' dir='ltr'><strong>et]</strong></span> <span class='ocrx_word' id='word_1_373' title='bbox 1694 2396 1848 2457; x_wconf 84' lang='lat' dir='ltr'><strong>‘auch</strong></span> <span class='ocrx_word' id='word_1_374' title='bbox 1872 2404 1966 2469; x_wconf 88' lang='lat' dir='ltr'><strong>ihr,</strong></span> <span class='ocrx_word' id='word_1_375' title='bbox 1999 2403 2166 2456; x_wconf 90' lang='lat' dir='ltr'><strong>meine</strong></span> <span class='ocrx_word' id='word_1_376' title='bbox 2189 2401 2437 2465; x_wconf 87' lang='lat' dir='ltr'><strong>Freunde,</strong></span> 
     </span>
     <span class='ocr_line' id='line_1_65' title="bbox 1415 2470 2438 2539; baseline -0.003 -15"><span class='ocrx_word' id='word_1_377' title='bbox 1415 2472 1690 2527; x_wconf 82' lang='lat' dir='ltr'><strong>verschafl&#39;t</strong></span> <span class='ocrx_word' id='word_1_378' title='bbox 1714 2473 1807 2525; x_wconf 87' lang='lat' dir='ltr'><strong>mir</strong></span> <span class='ocrx_word' id='word_1_379' title='bbox 1838 2472 2015 2539; x_wconf 78' lang='lat' dir='ltr'><strong>irgend</strong></span> <span class='ocrx_word' id='word_1_380' title='bbox 2053 2472 2134 2524; x_wconf 89' lang='lat' dir='ltr'><strong>ein</strong></span> <span class='ocrx_word' id='word_1_381' title='bbox 2159 2470 2438 2523; x_wconf 87' lang='lat' dir='ltr'><strong>Heilmittel</strong></span> 
     </span>
     <span class='ocr_line' id='line_1_66' title="bbox 1414 2533 2438 2607; baseline -0.004 -12"><span class='ocrx_word' id='word_1_382' title='bbox 1414 2533 1704 2607; x_wconf 66' lang='lat' dir='ltr'><strong>(auxiliaY.</strong></span> <span class='ocrx_word' id='word_1_383' title='bbox 1730 2569 1796 2581; x_wconf 91' lang='lat'>—</span> <span class='ocrx_word' id='word_1_384' title='bbox 1818 2543 1957 2606; x_wconf 73' lang='lat' dir='ltr'><strong>sero]</strong></span> <span class='ocrx_word' id='word_1_385' title='bbox 1997 2540 2178 2607; x_wconf 74' lang='lat' dir='ltr'><strong>gehort</strong></span> <span class='ocrx_word' id='word_1_386' title='bbox 2204 2555 2266 2590; x_wconf 87' lang='lat' dir='ltr'><strong>zu</strong></span> <span class='ocrx_word' id='word_1_387' title='bbox 2292 2554 2438 2591; x_wconf 83' lang='lat' dir='ltr'><strong>revo-</strong></span> 
     </span>
     <span class='ocr_line' id='line_1_67' title="bbox 1412 2611 1559 2663; baseline -0.014 0"><span class='ocrx_word' id='word_1_388' title='bbox 1412 2611 1559 2663; x_wconf 87' lang='lat' dir='ltr'><strong>catis.</strong></span> 
     </span>
    </p>

    <p class='ocr_par' dir='ltr' id='par_1_11' title="bbox 1412 2673 2437 2868">
     <span class='ocr_line' id='line_1_68' title="bbox 1486 2673 2437 2739; baseline -0.005 -9"><span class='ocrx_word' id='word_1_389' title='bbox 1486 2680 1567 2731; x_wconf 85' lang='grc'><strong>26.</strong></span> <span class='ocrx_word' id='word_1_390' title='bbox 1621 2693 1730 2729; x_wconf 83' lang='lat' dir='ltr'><strong>non</strong></span> <span class='ocrx_word' id='word_1_391' title='bbox 1781 2679 1921 2739; x_wconf 76' lang='lat' dir='ltr'><strong>sam]</strong></span> <span class='ocrx_word' id='word_1_392' title='bbox 1975 2673 2317 2728; x_wconf 85' lang='lat' dir='ltr'><strong>liebeskrank.</strong></span> <span class='ocrx_word' id='word_1_393' title='bbox 2370 2704 2437 2712; x_wconf 89' lang='lat'>—</span> 
     </span>
     <span class='ocr_line' id='line_1_69' title="bbox 1412 2743 2437 2813; baseline -0.002 -16"><span class='ocrx_word' id='word_1_394' title='bbox 1412 2748 1667 2813; x_wconf 72' lang='lat' dir='ltr'><strong>pectoris]</strong></span> <span class='ocrx_word' id='word_1_395' title='bbox 1691 2744 1780 2796; x_wconf 88' lang='lat' dir='ltr'><strong>der</strong></span> <span class='ocrx_word' id='word_1_396' title='bbox 1805 2743 1928 2798; x_wconf 89' lang='lat' dir='ltr'><strong>Gen.</strong></span> <span class='ocrx_word' id='word_1_397' title='bbox 1968 2743 2276 2797; x_wconf 82' lang='lat' dir='ltr'><strong>dichterisch</strong></span> <span class='ocrx_word' id='word_1_398' title='bbox 2311 2747 2437 2795; x_wconf 83' lang='lat' dir='ltr'><strong>statt</strong></span> 
     </span>
     <span class='ocr_line' id='line_1_70' title="bbox 1415 2813 1736 2868; baseline -0.012 0"><span class='ocrx_word' id='word_1_399' title='bbox 1415 2816 1508 2868; x_wconf 87' lang='lat' dir='ltr'><strong>des</strong></span> <span class='ocrx_word' id='word_1_400' title='bbox 1542 2813 1736 2865; x_wconf 86' lang='lat' dir='ltr'><strong>Dativs.</strong></span> 
     </span>
    </p>
   </div>
   <div class='ocr_carea' id='block_1_8' title="bbox 1415 2893 2440 3241">
    <p class='ocr_par' dir='ltr' id='par_1_12' title="bbox 1415 2893 2440 3241">
     <span class='ocr_line' id='line_1_71' title="bbox 1452 2893 2440 2963; baseline -0.003 -11"><span class='ocrx_word' id='word_1_401' title='bbox 1452 2903 1532 2953; x_wconf 80' lang='lat'><strong>27.</strong></span> <span class='ocrx_word' id='word_1_402' title='bbox 1569 2897 1779 2960; x_wconf 75' lang='lat' dir='ltr'><strong>farrum</strong></span> <span class='ocrx_word' id='word_1_403' title='bbox 1804 2901 1856 2947; x_wconf 81' lang='lat' dir='ltr'><strong>et</strong></span> <span class='ocrx_word' id='word_1_404' title='bbox 1877 2898 2048 2961; x_wconf 77' lang='lat' dir='ltr'><strong>ignes]</strong></span> <span class='ocrx_word' id='word_1_405' title='bbox 2085 2893 2308 2963; x_wconf 82' lang='grc' dir='ltr'>τέμνειν</span> <span class='ocrx_word' id='word_1_406' title='bbox 2341 2897 2440 2950; x_wconf 80' lang='grc' dir='ltr'><strong>καὶ</strong></span> 
     </span>
     <span class='ocr_line' id='line_1_72' title="bbox 1415 2964 2440 3034; baseline -0.008 -10"><span class='ocrx_word' id='word_1_407' title='bbox 1415 2969 1624 3034; x_wconf 79' lang='grc' dir='ltr'><strong>καίειν,</strong></span> <span class='ocrx_word' id='word_1_408' title='bbox 1664 2967 1747 3018; x_wconf 86' lang='lat' dir='ltr'><strong>die</strong></span> <span class='ocrx_word' id='word_1_409' title='bbox 1782 2964 2123 3017; x_wconf 85' lang='lat' dir='ltr'><strong>beliebtesten</strong></span> <span class='ocrx_word' id='word_1_410' title='bbox 2159 2964 2440 3017; x_wconf 81' lang='lat' dir='ltr'><strong>Heilmittel</strong></span> 
     </span>
     <span class='ocr_line' id='line_1_73' title="bbox 1418 3031 2436 3098; baseline -0.006 -8"><span class='ocrx_word' id='word_1_411' title='bbox 1418 3034 1846 3098; x_wconf 66' lang='lat' dir='ltr'><strong>derWundfirzte;</strong></span> <span class='ocrx_word' id='word_1_412' title='bbox 1867 3048 1909 3086; x_wconf 89' lang='lat' dir='ltr'><strong>s.</strong></span> <span class='ocrx_word' id='word_1_413' title='bbox 1930 3031 2023 3084; x_wconf 85' lang='lat' dir='ltr'><strong>Ov.</strong></span> <span class='ocrx_word' id='word_1_414' title='bbox 2044 3033 2436 3096; x_wconf 74' lang='lat' dir='ltr'><strong>her.19,1838.:</strong></span> 
     </span>
     <span class='ocr_line' id='line_1_74' title="bbox 1416 3101 2440 3168; baseline -0.006 -10"><span class='ocrx_word' id='word_1_415' title='bbox 1416 3110 1476 3158; x_wconf 87' lang='lat' dir='ltr'><strong>ut</strong></span> <span class='ocrx_word' id='word_1_416' title='bbox 1508 3105 1738 3168; x_wconf 83' lang='lat' dir='ltr'><strong>valeant,</strong></span> <span class='ocrx_word' id='word_1_417' title='bbox 1785 3102 1915 3154; x_wconf 88' lang='lat' dir='ltr'><strong>aliae</strong></span> <span class='ocrx_word' id='word_1_418' title='bbox 1952 3101 2140 3154; x_wconf 81' lang='lat' dir='ltr'><strong>serrum</strong></span> <span class='ocrx_word' id='word_1_419' title='bbox 2176 3102 2440 3168; x_wconf 87' lang='lat' dir='ltr'><strong>patiuntur</strong></span> 
     </span>
     <span class='ocr_line' id='line_1_75' title="bbox 1417 3170 2439 3241; baseline -0.006 -15"><span class='ocrx_word' id='word_1_420' title='bbox 1417 3182 1470 3226; x_wconf 88' lang='lat' dir='ltr'><strong>et</strong></span> <span class='ocrx_word' id='word_1_421' title='bbox 1513 3171 1706 3241; x_wconf 76' lang='lat' dir='ltr'><strong>ignes3&#39;</strong></span> <span class='ocrx_word' id='word_1_422' title='bbox 1739 3170 1838 3223; x_wconf 85' lang='lat' dir='ltr'><strong>fert</strong></span> <span class='ocrx_word' id='word_1_423' title='bbox 1879 3170 1996 3222; x_wconf 87' lang='lat' dir='ltr'><strong>aliis</strong></span> <span class='ocrx_word' id='word_1_424' title='bbox 2043 3170 2240 3222; x_wconf 85' lang='lat' dir='ltr'><strong>tristem</strong></span> <span class='ocrx_word' id='word_1_425' title='bbox 2284 3184 2439 3221; x_wconf 86' lang='lat' dir='ltr'><strong>sucus</strong></span> 
     </span>
    </p>
   </div>
   <div class='ocr_carea' id='block_1_9' title="bbox 1417 3254 1821 3307">
    <p class='ocr_par' dir='ltr' id='par_1_13' title="bbox 1417 3254 1821 3307">
     <span class='ocr_line' id='line_1_76' title="bbox 1417 3254 1821 3307; baseline -0.01 -12"><span class='ocrx_word' id='word_1_426' title='bbox 1417 3256 1618 3295; x_wconf 89' lang='lat' dir='ltr'><strong>amarus</strong></span> <span class='ocrx_word' id='word_1_427' title='bbox 1654 3254 1821 3307; x_wconf 89' lang='lat' dir='ltr'><strong>opem.</strong></span> 
     </span>
    </p>
   </div>
   <div class='ocr_carea' id='block_1_10' title="bbox 1417 3317 2441 3937">
    <p class='ocr_par' dir='ltr' id='par_1_14' title="bbox 1417 3317 2441 3937">
     <span class='ocr_line' id='line_1_77' title="bbox 1487 3317 2438 3387; baseline -0.006 -9"><span class='ocrx_word' id='word_1_428' title='bbox 1487 3328 1568 3381; x_wconf 87' lang='lat'><strong>31.</strong></span> <span class='ocrx_word' id='word_1_429' title='bbox 1626 3327 1911 3387; x_wconf 73' lang='lat' dir='ltr'><strong>remanete]</strong></span> <span class='ocrx_word' id='word_1_430' title='bbox 1965 3317 2149 3373; x_wconf 87' lang='lat' dir='ltr'><strong>‘bleibt</strong></span> <span class='ocrx_word' id='word_1_431' title='bbox 2204 3321 2257 3373; x_wconf 89' lang='lat' dir='ltr'><strong>in</strong></span> <span class='ocrx_word' id='word_1_432' title='bbox 2308 3320 2438 3373; x_wconf 87' lang='lat' dir='ltr'><strong>Rom</strong></span> 
     </span>
     <span class='ocr_line' id='line_1_78' title="bbox 1418 3385 2441 3451; baseline -0.005 -4"><span class='ocrx_word' id='word_1_433' title='bbox 1418 3385 1644 3447; x_wconf 76' lang='lat' dir='ltr'><strong>zurfick&#39;.</strong></span> <span class='ocrx_word' id='word_1_434' title='bbox 1692 3422 1759 3431; x_wconf 93' lang='lat'><em>-</em></span> <span class='ocrx_word' id='word_1_435' title='bbox 1805 3390 2061 3444; x_wconf 84' lang='lat' dir='ltr'><strong>Verbinde</strong></span> <span class='ocrx_word' id='word_1_436' title='bbox 2115 3391 2242 3442; x_wconf 78' lang='lat' dir='ltr'><strong>deus</strong></span> <span class='ocrx_word' id='word_1_437' title='bbox 2284 3389 2441 3451; x_wconf 75' lang='lat' dir='ltr'><strong>facili</strong></span> 
     </span>
     <span class='ocr_line' id='line_1_79' title="bbox 1419 3458 2440 3526; baseline -0.004 -12"><span class='ocrx_word' id='word_1_438' title='bbox 1419 3479 1580 3514; x_wconf 74' lang='lat' dir='ltr'><strong>aur-ez</strong></span> <span class='ocrx_word' id='word_1_439' title='bbox 1633 3461 1751 3526; x_wconf 54' lang='lat' dir='ltr'><strong>abl.</strong></span> <span class='ocrx_word' id='word_1_440' title='bbox 1784 3459 1948 3519; x_wconf 84' lang='lat' dir='ltr'><strong>modi;</strong></span> <span class='ocrx_word' id='word_1_441' title='bbox 2002 3458 2092 3509; x_wconf 89' lang='lat' dir='ltr'><strong>der</strong></span> <span class='ocrx_word' id='word_1_442' title='bbox 2136 3458 2260 3510; x_wconf 89' lang='lat' dir='ltr'><strong>Gott</strong></span> <span class='ocrx_word' id='word_1_443' title='bbox 2309 3458 2440 3523; x_wconf 88' lang='lat' dir='ltr'><strong>(hier</strong></span> 
     </span>
     <span class='ocr_line' id='line_1_80' title="bbox 1417 3526 2440 3594; baseline -0.005 -11"><span class='ocrx_word' id='word_1_444' title='bbox 1417 3533 1610 3592; x_wconf 86' lang='lat' dir='ltr'><strong>Amor),</strong></span> <span class='ocrx_word' id='word_1_445' title='bbox 1650 3529 1739 3581; x_wconf 89' lang='lat' dir='ltr'><strong>der</strong></span> <span class='ocrx_word' id='word_1_446' title='bbox 1763 3528 1859 3579; x_wconf 87' lang='lat' dir='ltr'><strong>den</strong></span> <span class='ocrx_word' id='word_1_447' title='bbox 1885 3527 2057 3594; x_wconf 77' lang='lat' dir='ltr'><strong>Bitteu</strong></span> <span class='ocrx_word' id='word_1_448' title='bbox 2083 3526 2246 3591; x_wconf 83' lang='lat' dir='ltr'><strong>willig</strong></span> <span class='ocrx_word' id='word_1_449' title='bbox 2270 3526 2440 3580; x_wconf 73' lang='lat' dir='ltr'><strong>Gehor</strong></span> 
     </span>
     <span class='ocr_line' id='line_1_81' title="bbox 1417 3593 2436 3658; baseline -0.005 -7"><span class='ocrx_word' id='word_1_450' title='bbox 1417 3597 1652 3651; x_wconf 87' lang='lat' dir='ltr'><strong>schenkt.</strong></span> <span class='ocrx_word' id='word_1_451' title='bbox 1725 3595 1778 3648; x_wconf 91' lang='lat' dir='ltr'><strong>S.</strong></span> <span class='ocrx_word' id='word_1_452' title='bbox 1814 3595 1931 3648; x_wconf 84' lang='lat' dir='ltr'><strong>Hor.</strong></span> <span class='ocrx_word' id='word_1_453' title='bbox 1968 3599 2063 3647; x_wconf 89' lang='lat' dir='ltr'><strong>sat.</strong></span> <span class='ocrx_word' id='word_1_454' title='bbox 2099 3593 2135 3658; x_wconf 86' lang='lat'><strong>1,</strong></span> <span class='ocrx_word' id='word_1_455' title='bbox 2175 3597 2219 3657; x_wconf 89' lang='lat'><strong>1,</strong></span> <span class='ocrx_word' id='word_1_456' title='bbox 2258 3596 2322 3647; x_wconf 90' lang='grc'><strong>20</strong></span> <span class='ocrx_word' id='word_1_457' title='bbox 2343 3609 2436 3648; x_wconf 80' lang='lat' dir='ltr'><strong>ss,:</strong></span> 
     </span>
     <span class='ocr_line' id='line_1_82' title="bbox 1419 3662 2438 3736; baseline -0.003 -17"><span class='ocrx_word' id='word_1_458' title='bbox 1419 3666 1543 3736; x_wconf 90' lang='lat' dir='ltr'><strong>quid</strong></span> <span class='ocrx_word' id='word_1_459' title='bbox 1578 3679 1762 3717; x_wconf 86' lang='lat' dir='ltr'><strong>causae</strong></span> <span class='ocrx_word' id='word_1_460' title='bbox 1797 3667 1899 3728; x_wconf 87' lang='lat' dir='ltr'><strong>est,</strong></span> <span class='ocrx_word' id='word_1_461' title='bbox 1944 3662 2127 3715; x_wconf 84' lang='lat' dir='ltr'><strong>merito</strong></span> <span class='ocrx_word' id='word_1_462' title='bbox 2163 3662 2284 3730; x_wconf 89' lang='lat' dir='ltr'><strong>quin</strong></span> <span class='ocrx_word' id='word_1_463' title='bbox 2334 3663 2438 3716; x_wconf 77' lang='lat' dir='ltr'><strong>iilis</strong></span> 
     </span>
     <span class='ocr_line' id='line_1_83' title="bbox 1418 3732 2438 3802; baseline -0.005 -15"><span class='ocrx_word' id='word_1_464' title='bbox 1418 3734 1645 3802; x_wconf 84' lang='lat' dir='ltr'><strong>luppiter</strong></span> <span class='ocrx_word' id='word_1_465' title='bbox 1679 3732 1854 3784; x_wconf 86' lang='lat' dir='ltr'><strong>ambas</strong></span> <span class='ocrx_word' id='word_1_466' title='bbox 1878 3732 2038 3784; x_wconf 88' lang='lat' dir='ltr'><strong>iratus</strong></span> <span class='ocrx_word' id='word_1_467' title='bbox 2073 3732 2259 3783; x_wconf 87' lang='lat' dir='ltr'><strong>buccas</strong></span> <span class='ocrx_word' id='word_1_468' title='bbox 2293 3732 2438 3784; x_wconf 89' lang='lat' dir='ltr'><strong>inflet</strong></span> 
     </span>
     <span class='ocr_line' id='line_1_84' title="bbox 1420 3799 2437 3871; baseline -0.004 -15"><span class='ocrx_word' id='word_1_469' title='bbox 1420 3818 1586 3871; x_wconf 85' lang='lat' dir='ltr'><strong>neque</strong></span> <span class='ocrx_word' id='word_1_470' title='bbox 1613 3817 1669 3854; x_wconf 90' lang='lat' dir='ltr'><strong>se</strong></span> <span class='ocrx_word' id='word_1_471' title='bbox 1701 3801 1809 3853; x_wconf 84' lang='lat' dir='ltr'><strong>fore</strong></span> <span class='ocrx_word' id='word_1_472' title='bbox 1846 3800 2060 3867; x_wconf 84' lang='lat' dir='ltr'><strong>posthac</strong></span> <span class='ocrx_word' id='word_1_473' title='bbox 2098 3804 2199 3851; x_wconf 87' lang='lat' dir='ltr'><strong>tam</strong></span> <span class='ocrx_word' id='word_1_474' title='bbox 2237 3799 2437 3852; x_wconf 79' lang='lat' dir='ltr'><strong>facilem</strong></span> 
     </span>
     <span class='ocr_line' id='line_1_85' title="bbox 1421 3869 2358 3937; baseline -0.003 -12"><span class='ocrx_word' id='word_1_475' title='bbox 1421 3872 1575 3937; x_wconf 89' lang='lat' dir='ltr'><strong>dicat,</strong></span> <span class='ocrx_word' id='word_1_476' title='bbox 1608 3870 1746 3923; x_wconf 80' lang='lat' dir='ltr'><strong>votis</strong></span> <span class='ocrx_word' id='word_1_477' title='bbox 1780 3873 1840 3922; x_wconf 88' lang='lat' dir='ltr'><strong>ut</strong></span> <span class='ocrx_word' id='word_1_478' title='bbox 1875 3869 2117 3937; x_wconf 84' lang='lat' dir='ltr'><strong>praebeat</strong></span> <span class='ocrx_word' id='word_1_479' title='bbox 2149 3872 2358 3922; x_wconf 79' lang='lat' dir='ltr'><strong>aurem?</strong></span> 
     </span>
    </p>
   </div>
   <div class='ocr_carea' id='block_1_11' title="bbox 2053 3952 2128 4007">
    <p class='ocr_par' dir='ltr' id='par_1_15' title="bbox 2053 3952 2128 4007">
     <span class='ocr_line' id='line_1_86' title="bbox 2053 3952 2128 4007; baseline 0 -20"><span class='ocrx_word' id='word_1_480' title='bbox 2053 3952 2128 4007; x_wconf 76' lang='grc'><strong>8*</strong></span> 
     </span>
    </p>
   </div>
  </div>
 </body>
</html>
