2850 4350
414 141 535 201 130

1086 141 1436 196 morsum
1468 143 1536 196 xi
1567 142 1665 209 (111,
1690 144 1866 213 2s·.¹›)

494 315 793 394 Quidquid
838 315 1142 389 iurarunt,
1185 323 1398 378 ventus
1442 324 1504 377 et
1543 315 1703 378 unda
1747 318 1921 399 rapit.

407 401 559 462 Num
605 400 719 462 sihi
764 401 1031 463 collatam
1078 401 1266 464 doluit
1306 399 1553 463 Venus?
1598 403 1692 464 illa
1736 422 2033 484 peraeque

490 485 640 548 Prae
682 505 746 548 se
788 487 1065 549 formosis
1108 487 1389 549 invidiosa
1436 488 1542 548 dea
1587 497 1693 550 est.

2499 503 2557 552 1⁰

405 574 494 634 Au
543 581 879 652 contempta
922 572 1030 633 tihi
1073 571 1321 634 Iunonis
1362 573 1582 652 templa
1627 571 1947 652 Pelasgae?

490 655 739 718 Palladis
780 666 882 718 aut
925 656 1130 720 oculos
1171 676 1310 719 ausa
1356 675 1577 737 negare
1621 657 1859 721 bonos?

405 740 684 823 Semper,
729 743 1053 816 formosae,
1095 762 1220 804 non
1269 743 1456 804 nostis
1497 761 1742 823 parcere
1784 743 2009 806 verbis:
2083 766 2100 791 ⁸

488 827 616 887 Hoc
659 827 765 888 tibi
808 827 1009 908 lingua
1055 846 1311 901 nocens,
1355 829 1471 889 hoc
1513 827 1620 891 tihi
1665 830 1853 890 forma
1898 830 2076 891 dedit.

404 909 518 972 Sed
562 912 669 973 tihi
712 923 949 974 vexatae
992 931 1102 994 per
1142 913 1326 975 multa
1370 913 1634 992 pericula
1675 915 1826 976 vitae
2492 927 2551 977 15

487 997 767 1059 Extremo
810 999 1008 1060 veniet
1050 998 1283 1060 mollior
1326 999 1471 1060 hora
1515 1000 1626 1066 die.

403 1080 466 1143 lo
510 1100 676 1144 versa
718 1092 898 1163 caput
939 1084 1165 1163 primos
1207 1083 1531 1161 mugiverat
1574 1102 1798 1146 annos:

487 1167 659 1228 Nunc
702 1168 839 1242 dea,
885 1176 1038 1248 quae
1082 1169 1195 1230 Nili
1239 1169 1486 1230 flumina
1532 1188 1701 1231 vacca
1745 1168 1911 1232 bibit.

402 1251 510 1313 Ino
555 1252 727 1315 etiam
771 1255 960 1334 prima
1003 1255 1180 1316 terris
1223 1262 1410 1315 aetate
1454 1262 1655 1334 vagata
1698 1264 1817 1317 est:

485 1336 653 1399 Hanc
695 1338 875 1400 miser
917 1340 1177 1419 inplorat
1220 1339 1411 1401 navita
1458 1339 1857 1402 Leucotheen.
2101 1414 2106 1417 Α
2490 1351 2552 1402 20

400 1421 778 1485 Andromede
820 1425 1105 1486 monstris
1145 1426 1340 1486 fuerat
1382 1424 1589 1486 devota
1633 1426 1909 1487 marinis:

486 1507 645 1569 Haec
689 1508 890 1570 eadem
933 1509 1135 1571 Persei
1182 1509 1398 1572 nobilis
1441 1528 1594 1571 uxor
1636 1519 1778 1572 erat.

401 1590 635 1654 Callisto
679 1594 960 1656 Arcadios
1003 1604 1300 1657 erraverat
1341 1613 1480 1656 ursa
1524 1614 1633 1676 per
1674 1614 1875 1674 agros:

484 1677 644 1740 Haec
689 1689 980 1765 nocturna
1024 1698 1134 1743 suo
1178 1681 1371 1742 sidere
1412 1680 1539 1741 vela
1582 1681 1751 1759 regit.

468 1848 516 1898 8.
553 1845 748 1903 Gallim.
773 1848 933 1915 epigr.
961 1849 1044 1908 25,
1068 1851 1179 1902 asa
1206 1841 1419 1915 ὤμοσε.

397 1904 542 1970 ἀλλὰ
587 1912 849 1986 λέγουσιν
899 1907 1118 1988 ἀληθέα
1170 1934 1307 1980 τους
1357 1912 1422 1971 ἐν

399 1976 592 2065 ἔρωτι,
608 1971 819 2054 ὅρκους
848 1980 917 2050 a*
961 1978 1144 2040 δύνειν
1168 1975 1338 2040 οὔατ’
1361 1981 1422 2048 ἐς

397 2055 738 2114 αθανατωνς
769 2053 877 2104 Cat.
939 2056 988 2118 0,
1013 2055 1043 2104 3
1063 2068 1128 2104 s.:
1155 2054 1302 2104 dicit:
1330 2054 1420 2105 sed

397 2120 581 2170 mulier
626 2119 813 2187 cupido
859 2120 995 2187 quod
1040 2120 1166 2171 dicit
1212 2121 1421 2186 amanti,

397 2190 448 2240 in
473 2192 630 2239 vento
665 2196 717 2239 et
750 2189 923 2256 rapida
961 2189 1182 2241 scribere
1217 2198 1421 2256 oportet

397 2270 557 2323 aqua;
594 2254 688 2307 Ov.
724 2271 822 2309 am.
857 2257 916 2321 ll,
955 2259 1035 2320 16,
1070 2259 1137 2309 45
1156 2273 1222 2310 s.:
1263 2259 1416 2310 verba

396 2323 683 2390 puellarum
706 2323 847 2376 soliis
869 2326 1060 2377 leviora
1097 2324 1305 2377 caducis
1340 2326 1418 2377 in-

394 2392 509 2509 }ita‚
546 2407 646 2458 qua
671 2393 838 2445 visum
864 2400 959 2458 est,
992 2399 1180 2445 ventus
1202 2401 1257 2446 et
1280 2393 1416 2445 unda

418 2466 582 2511 erunt.

464 2531 512 2582 9.
547 2527 663 2590 illa]
701 2543 742 2580 s.
766 2527 854 2582 Nr.
878 2528 942 2593 V,
970 2530 1032 2584 16
1050 2544 1119 2582 88.
1143 2557 1211 2567 -
1226 2545 1416 2596 perac-

395 2599 514 2661 que]
551 2596 686 2647 ohne
721 2595 1075 2652 Unterschied.

468 2668 548 2717 10.
578 2680 714 2730 pras
745 2666 821 2732 ee]
858 2666 1040 2732 gehort
1073 2681 1137 2717 zu
1170 2664 1334 2727 form.

466 2737 546 2786 11.
583 2733 806 2784 Iunonis
837 2734 1108 2799 Pelasgae]
1145 2732 1292 2798 Hera,
1332 2732 1416 2785 die

394 2798 754 2867 Schutzgottin
774 2800 864 2853 der
876 2801 1122 2870 Griechen
1142 2818 1237 2854 vor
1246 2801 1419 2867 Troja,

393 2868 477 2920 die
522 2869 912 2934 altgriechische
947 2870 1153 2935 Gottin,
1209 2869 1291 2921 die
1327 2885 1416 2921 na·

393 2937 637 2988 mentlich
675 2952 737 2989 zu
771 2936 938 3004 Argos
974 2939 1178 2990 verehrt
1215 2938 1370 2990 ward.

468 3007 545 3058 12.
589 3004 681 3056 Die
733 3004 1044 3072 blangi-auen
1087 3006 1270 3071 Augen
1324 3005 1416 3057 der

391 3071 566 3124 Pallas
621 3076 828 3125 wurden
874 3074 1007 3127 oster
1054 3073 1131 3125 als
1184 3072 1416 3126 1111801ιό3

391 3144 695 3208 verspottet.
717 3169 788 3182 --
810 3145 964 3205 ama]
997 3142 1216 3209 erginze
1241 3146 1301 3193 tu
1324 3157 1416 3193 aus

391 3211 492 3260 tibi
526 3225 576 3262 v.
607 3213 685 3262 11.

462 3280 541 3331 14.
579 3275 632 3329 S.
669 3276 762 3329 Ov,
799 3293 896 3330 am.
920 3276 975 3340 11,
1000 3280 1050 3342 2,
1075 3281 1165 3331 44:
1203 3277 1302 3330 hoc
1337 3275 1413 3328 illi

392 3346 596 3412 garrula
629 3345 803 3411 lingua
839 3345 998 3398 dedit.

463 3416 544 3467 16.
575 3415 810 3477 mollior]
832 3413 937 3478 vgl.
956 3413 1044 3466 Nr.
1061 3411 1193 3479 xm,
1211 3416 1271 3466 4:
1317 3406 1416 3469 ‘Du

390 3484 539 3534 wirst
571 3491 721 3535 unter
752 3482 837 3533 die
860 3480 1251 3534 Unsterblichen
1288 3480 1412 3536 oder

392 3560 539 3602 unter
573 3550 657 3602 die
693 3550 875 3602 sterne
909 3558 1136 3602 versetzt
1171 3542 1411 3605 werden.'

461 3622 541 3671 17.
577 3619 637 3670 Io
670 3634 826 3669 versa
861 3634 925 3670 ca
961 3621 1040 3682 ut]
1073 3618 1157 3683 lo,
1190 3618 1272 3670 die
1307 3634 1410 3672 von

388 3685 482 3738 der
505 3686 897 3752 eifersfichtigen
944 3702 1046 3739 uno
1078 3688 1131 3738 in
1154 3687 1271 3739 eine
1293 3685 1412 3740 Kuli

389 3755 709 3806 verwandelt
732 3754 940 3806 worden
969 3769 1096 3819 war,
1130 3756 1271 3807 ward
1304 3771 1410 3808 von

390 3824 490 3876 den
524 3823 676 3875 Alten
720 3821 798 3873 oft
831 3823 926 3875 mit
965 3822 1129 3875 einem
1166 3822 1414 3893 Kuhkopf

1524 1846 1850 1914 dargestellt3
1888 1860 1948 1899 so
1975 1846 2177 1899 werden
2201 1847 2279 1913 lll‚
2302 1850 2386 1911 33,
2411 1852 2547 1911 9ss.,

1526 1932 1609 1969 wo
1643 1930 1747 1967 von
1782 1916 1861 1966 ihr
1905 1915 1989 1966 die
2022 1914 2163 1966 Rede
2210 1916 2308 1981 ist,
2354 1932 2545 1968 cornua

1523 1983 1626 2035 und
1663 1998 1747 2036 ora
1785 1982 2043 2043 erwiihnn
2080 1984 2271 2036 ebenso
2305 1985 2387 2036 bei
2413 1984 2547 2037 Ovid

1525 2052 1629 2106 her.
1653 2055 1734 2116 14,
1753 2052 1817 2104 85
1831 2065 1927 2106 ssa
1953 2065 2141 2102 cornua
2166 2051 2270 2104 und
2295 2067 2371 2105 os.
2418 2052 2550 2120 Spa’i·

1523 2119 1688 2171 tethin
1728 2119 1865 2171 ward
1890 2118 1967 2171 sie
2001 2119 2078 2170 als
2101 2118 2277 2172 Gottin
2310 2121 2546 2184 verehrt;

1524 2204 1565 2241 8.
1602 2188 1694 2241 Ov.
1728 2193 1853 2241 met.
1881 2191 1926 2252 1,
1951 2190 2053 2241 744
2069 2202 2139 2241 ss.

1593 2259 1670 2310 18.
1691 2258 1844 2319 bibit]
1863 2257 1932 2309 ist
1944 2256 2079 2307 Pers.
2096 2284 2162 2295 --
2182 2255 2275 2308 Die
2293 2255 2544 2309 Griechen

1520 2324 1704 2376 fanden
1724 2326 1807 2377 die
1825 2324 2111 2390 argivische
2124 2324 2178 2377 lo
2202 2326 2253 2377 in
2274 2324 2363 2376 der
2382 2325 2546 2393 §gyp-

1520 2393 1717 2445 tischen
1771 2392 1947 2445 Gottin
2003 2392 2096 2445 lsis
2148 2392 2368 2457 wieder,
2425 2393 2543 2445 weil

1520 2460 1662 2512 diese
1699 2460 1797 2527 wie
1825 2463 1948 2527 jene
1984 2458 2288 2513 Kuhhorner
2323 2468 2455 2527 trag,

1592 2532 1671 2582 19.
1705 2527 1841 2581 Uber
1878 2528 1975 2581 Ino
2013 2544 2055 2581 8.
2078 2543 2123 2581 z.
2149 2528 2235 2581 Nr.
2259 2528 2344 2594 ΙΧ,
2370 2532 2450 2582 10.
2477 2558 2541 2569 --

1520 2599 1700 2662 terris]
1738 2598 1832 2660 sie,
1878 2597 1962 2649 die
1998 2594 2353 2664 Seenymphe,
2398 2597 2543 2650 lebte

1521 2667 1656 2717 eiust
1690 2664 1783 2717 auf
1813 2664 1930 2716 dem
1965 2663 2152 2719 Laude.

1590 2736 1673 2786 21.
1692 2732 1875 2802 Hygia.
1896 2731 1999 2787 fab.
2019 2734 2109 2785 64:
2136 2732 2312 2785 Cassio
2350 2747 2379 2784 0
2401 2731 2542 2785 filiae

1519 2816 1643 2854 suae
1674 2800 2028 2853 Andromedae
2063 2801 2278 2853 formam
2361 2801 2543 2853 ereidi-

1518 2870 1616 2922 bus
1639 2870 1957 2949 anteposuit3
1994 2869 2060 2922 ob
2085 2869 2137 2921 id
2160 2868 2430 2937 Neptunus
2453 2885 2542 2921 ex-

1554 2939 1829 3003 ostuInvnt,
1874 2943 1934 2989 ut
1977 2937 2302 2990 Andromeda
2349 2937 2541 3005 Cephei

1517 2953 1624 3057 glis
1674 3012 1789 3057 ceto
1842 3005 2147 3058 obiceretur.
2228 3004 2369 3066 Quae
2422 3021 2540 3058 cum

1519 3077 1661 3125 esset
1695 3073 1913 3136 obiecta,
1948 3071 2167 3126 Perseus
2191 3071 2425 3126 Mercurii
2460 3081 2542 3125 ta-

1517 3141 1708 3193 laribus
1752 3140 1934 3194 volans
1986 3157 2049 3195 eo
2104 3141 2290 3194 dicitur
2334 3142 2540 3195 venisse

1518 3219 1572 3261 et
1607 3224 1720 3261 eam
1754 3209 2004 3263 liberasse
2038 3224 2065 3261 3
2091 3209 2338 3277 periculo.
2395 3209 2541 3262 Nach

1519 3279 1682 3330 ihrem
1737 3275 1882 3331 Tode
1937 3278 2078 3330 ward
2129 3278 2204 3331 sie
2258 3283 2405 3330 unter
2456 3278 2541 3330 die

1519 3345 1703 3398 Sterne
1721 3350 1969 3407 versetzt;
1991 3361 2032 3398 s.
2046 3344 2138 3397 Ov.
2149 3351 2271 3399 met.
2283 3348 2333 3409 4,
2352 3346 2453 3399 662
2466 3361 2540 3399 88.

1588 3416 1671 3469 23.
1705 3412 1892 3482 Hygin.
1916 3414 2020 3466 1311.
2042 3416 2167 3469 177:
2203 3414 2414 3467 Callisto
2438 3413 2541 3482 Ly-

1516 3484 1691 3534 caonis
1726 3481 1832 3536 filia
1871 3498 1986 3534 ursa
2028 3481 2215 3533 dicitur
2248 3482 2382 3533 facta
2420 3497 2538 3535 esse

1513 3551 1581 3601 ob
1627 3551 1752 3603 iram
1798 3549 2005 3603 lunonis
2016 3568 2031 3612 ;
2076 3558 2257 3617 postea
2306 3550 2440 3602 lovis
2484 3552 2539 3602 in

1513 3618 1774 3671 stellarum
1817 3632 2081 3671 numerum
2129 3616 2355 3683 rettulit,
2405 3633 2539 3686 quae

1514 3688 1797 3753 septentrio
1833 3686 2148 3754 appellatum
2197 3685 2289 3739 Ov.
2325 3696 2448 3740 met.
2488 3688 2539 3751 2,

1513 3757 1613 3809 401
1636 3770 1705 3808 ss.
1749 3782 1816 3795 —·
1849 3753 2132 3817 Arcadios]
2170 3752 2382 3822 Lykaon
2429 3770 2541 3809 war

1513 3822 1682 3891 Konig
1715 3838 1817 3877 von
1854 3821 2129 3878 Arkadien.
